@article{aha_instance-based_1991,
    title        = {Instance-based Learning Algorithms},
    author       = {Aha, David W. and Kibler, Dennis and Albert, Marc K.},
    year         = 1991,
    month        = {Jan.},
    journal      = {Mach. Learn.},
    volume       = 6,
    number       = 1,
    pages        = {37--66}
}
@article{alexander_african_1994,
    title        = {{African} Wild Dogs {(Lycaon} Pictus) Endangered by a Canine Distemper Epizootic Among Domestic Dogs Near the {Masai} {Mar} {National} {Reserve}, {Kenya}},
    author       = {Alexander, Kathleen A. and Appel, Max {JG}},
    year         = 1994,
    month        = {Oct.},
    journal      = {J. Wildlife Diseases},
    volume       = 30,
    number       = 4,
    pages        = {481--485}
}
@article{araujo_getting_2020,
    title        = {Getting the Most Out of Citizen Science for Endangered Species Such as Whale Shark},
    author       = {Araujo, Gonzalo and Ismail, Abdul R. and {McCann}, Cat and {McCann}, David and Legaspi, Christine G. and Snow, Sally and Labaja, Jessica and others},
    year         = 2020,
    month        = {Apr.},
    journal      = {J. Fish Biol.},
    volume       = 96,
    number       = 4,
    pages        = {864--867}
}
@article{ballard_generalizing_1981,
    title        = {Generalizing the {Hough} Transform to Detect Arbitrary Shapes},
    author       = {Ballard, Dana H.},
    year         = 1981,
    month        = {Jan.},
    journal      = {Pattern Recog.},
    volume       = 13,
    number       = 2,
    pages        = {111--122}
}
@article{barbedo_study_2019,
    title        = {A Study on the Detection of Cattle in {UAV} Images Using Deep Learning},
    author       = {Barbedo, Jayme Garcia Arnal and Koenigkan, Luciano Vieira and Santos, Thiago Teixeira and Santos, Patrícia Menezes},
    year         = 2019,
    month        = {Jan.},
    journal      = {Sensors},
    volume       = 19,
    number       = 5436,
    pages        = {1--14}
}
@article{barinova_detection_2012,
    title        = {On Detection of Multiple Object Instances Using {Hough} Transforms},
    author       = {Barinova, O. and Lempitsky, v. and Kholi, P.},
    year         = 2012,
    month        = {Apr.},
    journal      = {IEEE Trans. Pattern Anal. Mach. Intell.},
    volume       = 34,
    number       = 9,
    pages        = {1773--1784}
}
@article{barord_comparative_2014,
    title        = {Comparative Population Assessments of {Nautilus} Sp. in the {Philippines}, {Australia}, {Fiji}, and {American} {Samoa} Using Baited Remote Underwater Video Systems},
    author       = {Barord, Gregory J. and Dooley, Frederick and Dunstan, Andrew and Ilano, Anthony and Keister, Karen N. and Neumeister, Heike and Preuss, Thomas and others},
    year         = 2014,
    month        = {Jun.},
    journal      = {PLoS One},
    volume       = 9,
    number       = 6,
    pages        = {1--5}
}
@article{becker_mother-infant_1990,
    title        = {Mother-infant Behaviour of Wild {Grevy's} Zebra: Adaptations for Survival in Semidesert {East} {Africa}},
    author       = {Becker, C. Dustin and Ginsberg, Joshua R.},
    year         = 1990,
    month        = {Dec.},
    journal      = {Anim. Behav.},
    volume       = 40,
    number       = 6,
    pages        = {1111--1118}
}
@article{bengio_greedy_2007,
    title        = {Greedy Layer-wise Training of Deep Networks},
    author       = {Bengio, Yoshua and Lamblin, Pascal and Popovici, Dan and Larochelle, Hugo},
    year         = 2007,
    month        = {Dec.},
    journal      = {Adv. Neural Inform. Process. Syst.},
    volume       = 19,
    number       = 1,
    pages        = {153--160}
}
@article{bengio_learning_2009,
    title        = {Learning Deep Architectures for {AI}},
    author       = {Bengio, Yoshua},
    year         = 2009,
    month        = {Jan.},
    journal      = {Found. Trends Mach. Learn.},
    volume       = 2,
    number       = 1,
    pages        = {1--127}
}
@article{bogucki_applying_2019,
    title        = {Applying Deep Learning to Right Whale Photo Identification},
    author       = {Bogucki, Robert and Cygan, Marek and Khan, Christin Brangwynne and Klimek, Maciej and Milczek, Jan Kanty and Mucha, Marcin},
    year         = 2019,
    month        = {Jun.},
    journal      = {Conserv. Biol.},
    volume       = 33,
    number       = 3,
    pages        = {676--684}
}
@article{bolger_computer-assisted_2012,
    title        = {A Computer-assisted System for Photographic Mark–recapture Analysis},
    author       = {Bolger, Douglas T. and Morrison, Thomas A. and Vance, Bennet and Lee, Derek and Farid, Hany},
    year         = 2012,
    month        = {Oct.},
    journal      = {Meth. Ecol. Evol.},
    volume       = 3,
    number       = 5,
    pages        = {813--822}
}
@article{borji_salient_2015,
    title        = {Salient Object Detection: A Benchmark},
    author       = {Borji, Ali and Cheng, Ming-Ming and Jiang, Huaizu and Li, Jia},
    year         = 2015,
    month        = {Oct.},
    journal      = {IEEE Trans. Image Process.},
    volume       = 24,
    number       = 12,
    pages        = {5706--5722}
}
@article{breiman_random_2001,
    title        = {Random Forests},
    author       = {Breiman, Leo},
    year         = 2001,
    month        = {Oct.},
    journal      = {Mach. Learn.},
    volume       = 45,
    number       = 1,
    pages        = {5--32}
}
@article{buckland_quantifying_1991,
    title        = {Quantifying Precision of Mark-recapture Estimates Using the Bootstrap and Related Methods},
    author       = {Buckland, Stephen T. and Garthwaite, Paul H.},
    year         = 1991,
    month        = {Mar.},
    journal      = {Biometrics},
    volume       = 47,
    number       = 1,
    pages        = {255--268}
}
@article{burghardt_analysing_2006,
    title        = {Analysing Animal Behaviour in Wildlife Videos Using Face Detection and Tracking},
    author       = {Burghardt, T. and ĆAlić, J.},
    year         = 2006,
    month        = {Jun.},
    journal      = {IEEE Vis. Image Sign. Process.},
    volume       = 153,
    number       = 3,
    pages        = {305--312}
}
@article{calambokidis_update_2017,
    title        = {Update on Abundance, Trends, and Migrations of Humpback Whales Along the {US} West Coast},
    author       = {Calambokidis, John and Barlow, Jay and Flynn, Kiirsten and Dobson, Elana and Steiger, Gretchen H.},
    year         = 2017,
    month        = {Apr.},
    journal      = {IWC Rep. SC A},
    volume       = 17,
    number       = 1,
    pages        = {1--17}
}
@article{caughley_sampling_1977,
    title        = {Sampling in Aerial Survey},
    author       = {Caughley, Graeme},
    year         = 1977,
    month        = {Oct.},
    journal      = {J. Wildlife Manage.},
    volume       = 41,
    number       = 4,
    pages        = {605--615}
}
@article{chase_continent-wide_2016,
    title        = {Continent-wide Survey Reveals Massive Decline in {African} {Savannah} Elephants},
    author       = {Chase, Michael J. and Schlossberg, Scott and Griffin, Curtice R. and Bouch{\'e}, Philippe J.C. and Djene, Sintayehu W. and Elkan, Paul W. and Ferreira, Sam and others},
    year         = 2016,
    month        = {Aug.},
    journal      = {PeerJ},
    volume       = 4,
    number       = 2354,
    pages        = {1--24}
}
@article{chehrsimin_automatic_2018,
    title        = {Automatic Individual Identification of {Saimaa} Ringed Seals},
    author       = {Chehrsimin, Tina and Eerola, Tuomas and Koivuniemi, Meeri and Auttila, Miina and Levänen, Riikka and Niemi, Marja and Kunnasranta, Mervi and others},
    year         = 2018,
    month        = {Mar.},
    journal      = {IET Comput. Vis.},
    volume       = 12,
    number       = 2,
    pages        = {146--152}
}
@article{clapham_automated_2020,
    title        = {Automated Facial Recognition for Wildlife That Lack Unique Markings: A Deep Learning Approach for Brown Bears},
    author       = {Clapham, Melanie and Miller, Ed and Nguyen, Mary and Darimont, Chris T.},
    year         = 2020,
    month        = {Dec.},
    journal      = {Ecol. Evol.},
    volume       = 10,
    number       = 23,
    pages        = {12883--12892}
}
@article{cohn_active_1996,
    title        = {Active Learning With Statistical Models},
    author       = {Cohn, D. A. and Ghahramani, Z. and Jordan, M. I.},
    year         = 1996,
    month        = {Mar.},
    journal      = {J. Artif. Intell. Res.},
    volume       = 4,
    number       = 1,
    pages        = {129--145}
}
@article{cohn_citizen_2008,
    title        = {Citizen Science: Can Volunteers Do Real Research?},
    author       = {Cohn, Jeffrey P.},
    year         = 2008,
    month        = {Mar.},
    journal      = {BioScience},
    volume       = 58,
    number       = 3,
    pages        = {192--197}
}
@article{cohn_improving_1994,
    title        = {Improving Generalization With Active Learning},
    author       = {Cohn, David and Atlas, Les and Ladner, Richard},
    year         = 1994,
    month        = {May},
    journal      = {Mach. Learn.},
    volume       = 15,
    number       = 2,
    pages        = {201--221}
}
@article{cortes_support-vector_1995,
    title        = {Support-vector Networks},
    author       = {Cortes, Corinna and Vapnik, Vladimir},
    year         = 1995,
    month        = {Sep.},
    journal      = {Mach. Learn.},
    volume       = 20,
    number       = 3,
    pages        = {273--297}
}
@article{crouse_lemurfaceid_2017,
    title        = {{LemurFaceID}: A Face Recognition System to Facilitate Individual Identification of Lemurs},
    author       = {Crouse, David and Jacobs, Rachel L. and Richardson, Zach and Klum, Scott and Jain, Anil and Baden, Andrea L. and Tecot, Stacey R.},
    year         = 2017,
    month        = {Dec.},
    journal      = {BMC Zoology},
    volume       = 2,
    number       = 1,
    pages        = {1--14}
}
@article{dean_large_2012,
    title        = {Large scale distributed deep networks},
    author       = {Dean, Jeffrey and Corrado, Greg and Monga, Rajat and Chen, Kai and Devin, Matthieu and Mao, Mark and Ranzato, Marc'aurelio and others},
    year         = 2012,
    month        = {Dec.},
    journal      = {Adv. Neural Inform. Process. Syst.},
    volume       = 25,
    number       = 1,
    pages        = {1223--1231}
}
@article{diao_efficient_2016,
    title        = {Efficient Saliency-based Object Detection in Remote Sensing Images Using Deep Belief Networks},
    author       = {Diao, Wenhui and Sun, Xian and Zheng, Xinwei and Dou, Fangzheng and Wang, Hongqi and Fu, Kun},
    year         = 2016,
    month        = {Jan.},
    journal      = {IEEE Geosci. Remote Sens. Lett.},
    volume       = 13,
    number       = 2,
    pages        = {137--141}
}
@article{duchi_adaptive_2011,
    title        = {Adaptive Subgradient Methods for Online Learning and Stochastic optimization},
    author       = {Duchi, John and Hazan, Elad and Singer, Yoram},
    year         = 2011,
    month        = {Jul.},
    journal      = {J. Mach. Learn. Res.},
    volume       = 12,
    number       = 7,
    pages        = {2121--2159}
}
@article{dunbar_hotspotter_2021,
    title        = {{HotSpotter}: Using a Computer-driven Photo-id Application to Identify Sea Turtles},
    author       = {Dunbar, Stephen G. and Anger, Edward C. and Parham, Jason R. and Kingen, Colin and Wright, Marsha K. and Hayes, Christian T. and Safi, Shahnaj and others},
    year         = 2021,
    month        = {Feb.},
    journal      = {J. Exp. Mar. Biol. Ecol.},
    volume       = 535,
    number       = 151490,
    pages        = {1--11}
}
@article{eikelboom_improving_2019,
    title        = {Improving the Precision and Accuracy of Animal Population Estimates With Aerial Image Object Detection},
    author       = {Eikelboom, Jasper {AJ} and Wind, Johan and Van De Ven, Eline and Kenana, Lekishon M. and Schroder, Bradley and De Knegt, Henrik J. and Van Langevelde, Frank and others},
    year         = 2019,
    month        = {Nov.},
    journal      = {Meth. Ecol. Evol.},
    volume       = 10,
    number       = 11,
    pages        = {1875--1887}
}
@article{everingham_pascal_2010,
    title        = {The {Pascal} {Visual} {Object} {Classes} ({VOC}) Challenge},
    author       = {Everingham, Mark and Gool, Luc and Williams, Christopher K. and Winn, John and Zisserman, Andrew},
    year         = 2010,
    month        = {Jun.},
    journal      = {Int. J. Comput. Vis.},
    volume       = 88,
    number       = 2,
    pages        = {303--338}
}
@article{farabet_learning_2013,
    title        = {Learning Hierarchical Features for Scene Labeling},
    author       = {Farabet, Clement and Couprie, Camille and Najman, Laurent and {LeCun}, Yann},
    year         = 2013,
    month        = {Oct.},
    journal      = {IEEE Trans. Pattern Anal. Mach. Intell.},
    volume       = 35,
    number       = 8,
    pages        = {1915--1929}
}
@article{fei-fei_one-shot_2006,
    title        = {One-shot Learning of Object Categories},
    author       = {Fei-Fei, Li and Fergus, Rob and Perona, Pietro},
    year         = 2006,
    month        = {Feb.},
    journal      = {IEEE Trans. Pattern Anal. Mach. Intell.},
    volume       = 28,
    number       = 4,
    pages        = {594--611}
}
@article{felzenszwalb_efficient_2004,
    title        = {Efficient Graph-based Image Segmentation},
    author       = {Felzenszwalb, Pedro F. and Huttenlocher, Daniel P.},
    year         = 2004,
    month        = {Sep.},
    journal      = {Int. J. Comput. Vis.},
    volume       = 59,
    number       = 2,
    pages        = {167--181}
}
@article{felzenszwalb_object_2010,
    title        = {Object Detection With Discriminatively Trained Part-based Models},
    author       = {Felzenszwalb, P.F. and Girshick, R.B. and {McAllester}, D. and Ramanan, D.},
    year         = 2010,
    month        = {Sep.},
    journal      = {IEEE Trans. Pattern Anal. Mach. Intell.},
    volume       = 32,
    number       = 9,
    pages        = {1627--1645}
}
@article{franklin_photo-identification_2020,
    title        = {Photo-identification of Individual Southern Hemisphere Humpback Whales ({Megaptera} Novaeangliae) Using All Available Natural Marks: Managing the Potential for Misidentification},
    author       = {Franklin, Trish and Franklin, Wally and Brooks, Lyndon and Harrison, Peter and Burns, Dan and Holmberg, Jason and Calambokidis, John},
    year         = 2020,
    month        = {Oct.},
    journal      = {J. Cetacean Res. Manage.},
    volume       = 21,
    number       = 1,
    pages        = {71--83}
}
@article{gall_hough_2011,
    title        = {{Hough} Forests for Object Detection, Tracking, and Action Recognition},
    author       = {Gall, J. and Yao, A. and Razavi, N. and Van Gool, L. and Lempitsky, V.},
    year         = 2011,
    month        = {Apr.},
    journal      = {IEEE Trans. Pattern Anal. Mach. Intell.},
    volume       = 33,
    number       = 11,
    pages        = {2188--2202}
}
@article{gardner_learning_1984,
    title        = {Learning Characteristics of {Stochastic-Gradient-Descent} Algorithms: A General Study, Analysis, and Critique},
    author       = {Gardner, William A.},
    year         = 1984,
    month        = {Apr.},
    journal      = {Sign. Process.},
    volume       = 6,
    number       = 2,
    pages        = {113--133}
}
@article{graham_investigating_1989,
    title        = {Investigating Observer Bias in Aerial Survey by Simultaneous Double-counts},
    author       = {Graham, Alistair and Bell, Richard},
    year         = 1989,
    month        = {Oct.},
    journal      = {J. Wildlife Manage.},
    volume       = 53,
    number       = 4,
    pages        = {1009--1016}
}
@article{hart_formal_1968,
    title        = {A Formal Basis for the Heuristic Determination of Minimum Cost Paths},
    author       = {Hart, Peter E. and Nilsson, Nils J. and Raphael, Bertram},
    year         = 1968,
    month        = {Jul.},
    journal      = {IEEE Trans. Syst. Sci. Cybern.},
    volume       = 4,
    number       = 2,
    pages        = {100--107}
}
@article{he_supercnn:_2015,
    title        = {{SuperCNN}: A Superpixelwise Convolutional Neural Network for Salient Object Detection},
    author       = {He, Shengfeng and Lau, Rynson W. H. and Liu, Wenxi and Huang, Zhe and Yang, Qingxiong},
    year         = 2015,
    month        = {Apr.},
    journal      = {Int. J. Comput. Vis.},
    volume       = 115,
    number       = 3,
    pages        = {330--344}
}
@article{hiby_analysis_2013,
    title        = {Analysis of Photo-id Data Allowing for Missed Matches and Individuals Identified From Opposite Sides},
    author       = {Hiby, Lex and Paterson, William D. and Redman, Paula and Watkins, John and Twiss, Sean D. and Pomeroy, Patrick},
    year         = 2013,
    month        = {Mar.},
    journal      = {Meth. Ecol. Evol.},
    volume       = 4,
    number       = 3,
    pages        = {252--259}
}
@article{hiby_computer_1990,
    title        = {Computer Aided Matching of Natural Markings: A Prototype System for Grey Seals},
    author       = {Hiby, Lex and Lovell, Phil},
    year         = 1990,
    month        = {May},
    journal      = {Rep. Int. Whaling Commission},
    volume       = 1,
    number       = {Special 12},
    pages        = {3--17}
}
@article{hinton_fast_2006,
    title        = {A Fast Learning Algorithm for Deep Belief Nets},
    author       = {Hinton, Geoffrey and Osindero, Simon and Teh, Yee-Whye},
    year         = 2006,
    month        = {Jul.},
    journal      = {Neural Comput.},
    volume       = 18,
    number       = 7,
    pages        = {1527--1554}
}
@article{hughes_automated_2017,
    title        = {Automated Visual Fin Identification of Individual Great White Sharks},
    author       = {Hughes, Benjamin and Burghardt, Tilo},
    year         = 2017,
    month        = {May},
    journal      = {Int. J. Comput. Vis.},
    volume       = 122,
    number       = 3,
    pages        = {542--557}
}
@article{jachmann_comparison_2002,
    title        = {Comparison of Aerial Counts With Ground Counts for Large {African} Herbivores},
    author       = {Jachmann, H.},
    year         = 2002,
    month        = {Oct.},
    journal      = {J. Appl. Ecol.},
    volume       = 39,
    number       = 5,
    pages        = {841--852}
}
@article{jolly_explicit_1965,
    title        = {Explicit Estimates From Capture-recapture Data With Both Death and Immigration-stochastic Model},
    author       = {Jolly, George M.},
    year         = 1965,
    month        = {Jun.},
    journal      = {Biometrika},
    volume       = 52,
    number       = {1/2},
    pages        = {225--247}
}
@article{jolly_problem_1983,
    title        = {The Problem of Unequal Catchability in Mark–recapture Estimation of Small Mammal Populations},
    author       = {Jolly, G. M. and Dickson, J. M.},
    year         = 1983,
    month        = {Apr.},
    journal      = {Can. J. Zoology},
    volume       = 61,
    number       = 4,
    pages        = {922--927}
}
@article{kabani_north_2016,
    title        = {North {Atlantic} Right Whale Localization and Recognition Using Very Deep and Leaky Neural Network},
    author       = {Kabani, {ABDULWAHAB} and El-Sakka, {MAHMOUD} R.},
    year         = 2016,
    month        = {Nov.},
    journal      = {Math. Appl.},
    volume       = 5,
    number       = 2,
    pages        = {155--170}
}
@article{keesing_impacts_1998,
    title        = {Impacts of Ungulates on the Demography and Diversity of Small Mammals in Central {Kenya}},
    author       = {Keesing, Felicia},
    year         = 1998,
    month        = {Sep.},
    journal      = {Oecologia},
    volume       = 116,
    number       = 3,
    pages        = {381--389}
}
@article{kellenberger_aide_2020,
    title        = {{AIDE}: Accelerating Image-based Ecological Surveys With Interactive Machine Learning},
    author       = {Kellenberger, Benjamin and Tuia, Devis and Morris, Dan},
    year         = 2020,
    month        = {Dec.},
    journal      = {Meth. Ecol. Evol.},
    volume       = 11,
    number       = 12,
    pages        = {1716--1727}
}
@article{kerr_facebook_2015,
    title        = {Facebook for the Ferocious},
    author       = {Kerr, Millie},
    year         = 2015,
    month        = {Jun.},
    journal      = {Sci. Amer.},
    volume       = 313,
    number       = 1,
    pages        = {21--21}
}
@article{kleinberg_human_2018,
    title        = {Human Decisions and Machine Predictions},
    author       = {Kleinberg, Jon and Lakkaraju, Himabindu and Leskovec, Jure and Ludwig, Jens and Mullainathan, Sendhil},
    year         = 2018,
    month        = {Feb.},
    journal      = {Quart. J. Econ.},
    volume       = 133,
    number       = 1,
    pages        = {237--293}
}
@article{lea_non-invasive_2018,
    title        = {Non-invasive Physiological Markers Demonstrate Link Between Habitat Quality, Adult Sex Ratio and Poor Population Growth Rate in a Vulnerable Species, the {Cape} {Mountain} Zebra},
    author       = {Lea, Jessica {MD} and Walker, Susan L. and Kerley, Graham {IH} and Jackson, John and Matevich, Shelby C. and Shultz, Susanne},
    year         = 2018,
    month        = {Feb.},
    journal      = {Functional Ecol.},
    volume       = 32,
    number       = 2,
    pages        = {300--312}
}
@article{lecun_comparison_1995,
    title        = {Comparison of Learning Algorithms for Handwritten Digit Recognition},
    author       = {Lecun, Yann and Jackel, L. D. and Bottou, Leon and Brunot, A. and Cortes, Corinna and Denker, J. S. and Drucker, Harris and others},
    year         = 1995,
    month        = {Oct.},
    journal      = {Int. Conf. Artif. Neural Netw., Paris},
    volume       = 60,
    number       = 1,
    pages        = {53--60}
}
@article{lecun_gradient-based_1998,
    title        = {Gradient-based Learning Applied to Document Recognition},
    author       = {{LeCun}, Yann and Bottou, L{\'e}on and Bengio, Yoshua and Haffner, Patrick},
    year         = 1998,
    month        = {Nov.},
    journal      = {Proc. IEEE},
    volume       = 86,
    number       = 11,
    pages        = {2278--2324}
}
@article{leibe_robust_2008,
    title        = {Robust Object Detection With Interleaved Categorization and Segmentation},
    author       = {Leibe, Bastian and Leonardis, Aleš and Schiele, Bernt},
    year         = 2008,
    month        = {May},
    journal      = {Int. J. Comput. Vis.},
    volume       = 77,
    number       = 1,
    pages        = {259--289}
}
@article{li_deepsaliency:_2016,
    title        = {{DeepSaliency}: Multi-task Deep Neural Network Model for Salient Object Detection},
    author       = {Li, X. and Zhao, L. and Wei, L. and Yang, M. H. and Wu, F. and Zhuang, Y. and Ling, H. and others},
    year         = 2016,
    month        = {Aug.},
    journal      = {IEEE Trans. Image Process.},
    volume       = 25,
    number       = 8,
    pages        = {3919--3930}
}
@article{liu_learning_2011,
    title        = {Learning to Detect a Salient Object},
    author       = {Liu, Tie and Yuan, Zejian and Sun, Jian and Wang, Jingdong and Zheng, Nanning and Tang, Xiaoou and Shum, Heung-Yeung},
    year         = 2011,
    month        = {Mar.},
    journal      = {IEEE Trans. Pattern Anal. Mach. Intell.},
    volume       = 33,
    number       = 2,
    pages        = {353--367}
}
@article{liu_mr-cnn_2019,
    title        = {{MR-CNN}: A Multi-scale Region-based Convolutional Neural Network for Small Traffic Sign Recognition},
    author       = {Liu, Zhigang and Du, Juan and Tian, Feng and Wen, Jiazheng},
    year         = 2019,
    month        = {Apr.},
    journal      = {IEEE Access},
    volume       = 7,
    number       = 1,
    pages        = {57120--57128}
}
@article{lopez-vazquez_video_2020,
    title        = {Video Image Enhancement and Machine Learning Pipeline for Underwater Animal Detection and Classification at Cabled Observatories},
    author       = {Lopez-Vazquez, Vanesa and Lopez-Guede, Jose Manuel and Marini, Simone and Fanelli, Emanuela and Johnsen, Espen and Aguzzi, Jacopo},
    year         = 2020,
    month        = {Jan.},
    journal      = {Sensors},
    volume       = 20,
    number       = 726,
    pages        = {1--25}
}
@article{lowe_distinctive_2004,
    title        = {Distinctive Image Features From Scale-invariant Keypoints},
    author       = {Lowe, David G.},
    year         = 2004,
    month        = {Nov.},
    journal      = {Int. J. Comput. Vis.},
    volume       = 60,
    number       = 2,
    pages        = {91--110}
}
@article{mandal_prediction_2010,
    title        = {Prediction of Eigenvalues and Regularization of Eigenfeatures for Human Face Verification},
    author       = {Mandal, Bappaditya and Jiang, Xudong and Eng, How-Lung and Kot, Alex},
    year         = 2010,
    month        = {Jun.},
    journal      = {Pattern Recog. Lett.},
    volume       = 31,
    number       = 8,
    pages        = {717--724}
}
@article{maputla_calibrating_2013,
    title        = {Calibrating a Camera Trap–based Biased Mark–recapture Sampling Design to Survey the Leopard Population in the {N'wanetsi} Concession, {Kruger} {National} {Park}, {South} {Africa}},
    author       = {Maputla, Nakedi W. and Chimimba, Christian T. and Ferreira, Sam M.},
    year         = 2013,
    month        = {Sep.},
    journal      = {Afr. J. Ecol.},
    volume       = 51,
    number       = 3,
    pages        = {422--430}
}
@article{matthe_comparison_2017,
    title        = {Comparison of Photo-matching Algorithms Commonly Used for Photographic Capture–recapture Studies},
    author       = {Matth{\'e}, Maximilian and Sannolo, Marco and Winiarski, Kristopher and Spitzen-Van Der Sluijs, Annemarieke and Goedbloed, Daniel and Steinfartz, Sebastian and Stachow, Ulrich},
    year         = 2017,
    month        = {Aug.},
    journal      = {Ecol. Evol.},
    volume       = 7,
    number       = 15,
    pages        = {5861--5872}
}
@article{mckinney_long-term_2017,
    title        = {Long-term Assessment of Whale Shark Population Demography and Connectivity Using Photo-identification in the Western {Atlantic} Ocean},
    author       = {{McKinney}, Jennifer A. and Hoffmayer, Eric R. and Holmberg, Jason and Graham, Rachel T. and Iii, William B. Driggers and Parra-Venegas, Rafael De La and Galván-Pastoriza, Beatriz E. and others},
    year         = 2017,
    month        = {Aug.},
    journal      = {PLoS One},
    volume       = 12,
    number       = 8,
    pages        = {1--18}
}
@article{melville_aerial_2008,
    title        = {Aerial Surveys of Multiple Species: Critical Assumptions and Sources of Bias in Distance and Mark–recapture Estimators},
    author       = {Melville, G.J. and Tracey, J.P. and Fleming, P.J.S. and Lukins, B.S.},
    year         = 2008,
    month        = {Jun.},
    journal      = {Wildlife Res.},
    volume       = 35,
    number       = 4,
    pages        = {310--348}
}
@article{morrison_individual_2016,
    title        = {Individual Identification of the Endangered {Wyoming} Toad {Anaxyrus} Baxteri and Implications for Monitoring Species Recovery},
    author       = {Morrison, Thomas A. and Keinath, Douglas and Estes-Zumpf, Wendy and Crall, Jonathan P. and Stewart, Charles V.},
    year         = 2016,
    month        = {Mar.},
    journal      = {J. Herpetology},
    volume       = 50,
    number       = 1,
    pages        = {44--49}
}
@article{mukinya_identification_1976,
    title        = {An Identification Method for Black Rhinoceros {(Diceros} bicornis {Linn.} 1758)},
    author       = {Mukinya, John G.},
    year         = 1976,
    month        = {Dec.},
    journal      = {Afr. J. Ecol.},
    volume       = 14,
    number       = 4,
    pages        = {335--338}
}
@article{nesterov_method_1983,
    title        = {A Method of Solving a Convex Programming Problem With Convergence Rate {O (1/k2)}},
    author       = {Nesterov, Yurii},
    year         = 1983,
    month        = {Feb.},
    journal      = {Sov. Math. Doklady},
    volume       = 27,
    number       = 2,
    pages        = {372--376}
}
@article{nickolls_scalable_2008,
    title        = {Scalable Parallel Programming With {CUDA}},
    author       = {Nickolls, John and Buck, Ian and Garland, Michael and Skadron, Kevin},
    year         = 2008,
    month        = {Mar.},
    journal      = {Queue},
    volume       = 6,
    number       = 2,
    pages        = {40--53}
}
@article{nipko_identifying_2020,
    title        = {Identifying Individual Jaguars and Ocelots via Pattern-recognition Software: Comparing {HotSpotter} and {Wild-ID}},
    author       = {Nipko, Robert B. and Holcombe, Brogan E. and Kelly, Marcella J.},
    year         = 2020,
    month        = {Jun.},
    journal      = {Wildlife Soc. Bull.},
    volume       = 44,
    number       = 2,
    pages        = {424--433}
}
@article{norman_does_2016,
    title        = {Does the Whale Shark Aggregate Along the Western {Australian} Coastline Beyond {Ningaloo} {Reef}?},
    author       = {Norman, Bradley M. and Reynolds, Samantha and Morgan, David L.},
    year         = 2016,
    month        = {Apr.},
    journal      = {Pacific Conserv. Biol.},
    volume       = 22,
    number       = 1,
    pages        = {72--80}
}
@article{norouzzadeh_automatically_2018,
    title        = {Automatically Identifying, Counting, and Describing Wild Animals in Camera-trap Images With Deep Learning},
    author       = {Norouzzadeh, Mohammad Sadegh and Nguyen, Anh and Kosmala, Margaret and Swanson, Alexandra and Palmer, Meredith S. and Packer, Craig and Clune, Jeff},
    year         = 2018,
    month        = {Jun.},
    journal      = {Nat. Acad. of Sci.},
    volume       = 115,
    number       = 25,
    pages        = {5716--5725}
}
@article{nugent_inaturalist_2018,
    title        = {{iNaturalist}},
    author       = {Nugent, Jill},
    year         = 2018,
    month        = {Mar.},
    journal      = {Sci. Scope},
    volume       = 41,
    number       = 7,
    pages        = {12--13}
}
@article{ogutu_changing_2013,
    title        = {Changing Wildlife Populations in {Nairobi} {National} {Park} and Adjoining {Athi-Kaputiei} Plains: Collapse of the Migratory Wildebeest},
    author       = {Ogutu, Joseph O and Owen-Smith, Norman and Piepho, Hans-Peter and Said, Mohammed Y and Kifugo, Shem C and Reid, Robin S and Gichohi, Helen and others},
    year         = 2013,
    month        = {Jul.},
    journal      = {Open Conserv. Biol. J.},
    volume       = 7,
    number       = 1,
    pages        = {11--26}
}
@article{oh_study_2021,
    title        = {Study on Human Activity Recognition Using Semi-supervised Active Transfer Learning},
    author       = {Oh, Seungmin and Ashiquzzaman, Akm and Lee, Dongsu and Kim, Yeonggwang and Kim, Jinsul},
    year         = 2021,
    month        = {Jan.},
    journal      = {Sensors},
    volume       = 21,
    number       = 2760,
    pages        = {1--14}
}
@article{pacala_population_1985,
    title        = {Population Experiments With the {Anolis} Lizards of {St.} {Maarten} and {St.} {Eustatius}},
    author       = {Pacala, Stephen W. and Roughgarden, Jonathan},
    year         = 1985,
    month        = {Feb.},
    journal      = {Ecol.},
    volume       = 66,
    number       = 1,
    pages        = {129--141}
}
@article{pal_random_2005,
    title        = {Random Forest Classifier for Remote Sensing Classification},
    author       = {Pal, Mahesh},
    year         = 2005,
    month        = {Jan.},
    journal      = {Int. J. Remote Sens.},
    volume       = 26,
    number       = 1,
    pages        = {217--222}
}
@article{park_where_2019,
    title        = {Where to Spot: Individual Identification of Leopard Cats {(Prionailurus} Bengalensis Euptilurus) in {South} {Korea}},
    author       = {Park, Heebok and Lim, Anya and Choi, Tae-Young and Baek, Seung-Yoon and Song, Eui-Geun and Park, Yung Chul},
    year         = 2019,
    month        = {Dec.},
    journal      = {J. Ecol. Environ.},
    volume       = 43,
    number       = 1,
    pages        = {1--5}
}
@article{patel_shot_2020,
    title        = {Shot the Spots: A Reliable Field Method for Individual Identification of {Amolops} Formosus {(Anura}, {Ranidae})},
    author       = {Patel, Naitik G. and Das, Abhijit},
    year         = 2020,
    month        = {Oct.},
    journal      = {Herpetozoa},
    volume       = 33,
    number       = 1,
    pages        = {7--16}
}
@article{petersen_yearly_1896,
    title        = {The Yearly Immigration of Young Plaice Into the {Limfjord} From the {German} {Sea}},
    author       = {Petersen, Carl Georg Johannes},
    year         = 1896,
    month        = {Jan.},
    journal      = {Rep. Danish Biol. Station},
    volume       = 6,
    number       = 1,
    pages        = {1--48}
}
@article{pradel_utilization_1996,
    title        = {Utilization of capture-mark-recapture for the Study of Recruitment and Population Growth Rate},
    author       = {Pradel, R.},
    year         = 1996,
    month        = {Jun.},
    journal      = {Biometrics},
    volume       = 52,
    number       = 2,
    pages        = {703--709}
}
@article{qian_momentum_1999,
    title        = {On the Momentum Term in Gradient Descent Learning Algorithms},
    author       = {Qian, Ning},
    year         = 1999,
    month        = {Jan.},
    journal      = {Neural Netw.},
    volume       = 12,
    number       = 1,
    pages        = {145--151}
}
@article{qin_making_2020,
    title        = {Making Data Visualization More Efficient and Effective: A Survey},
    author       = {Qin, Xuedi and Luo, Yuyu and Tang, Nan and Li, Guoliang},
    year         = 2020,
    month        = {Jan.},
    journal      = {VLDB J.},
    volume       = 29,
    number       = 1,
    pages        = {93--117}
}
@article{ramanathan_face_2006,
    title        = {Face Verification Across Age Progression},
    author       = {Ramanathan, Narayanan and Chellappa, Rama},
    year         = 2006,
    month        = {Oct.},
    journal      = {IEEE Trans. Image Process.},
    volume       = 15,
    number       = 11,
    pages        = {3349--3361}
}
@article{ravoor_deep_2020,
    title        = {Deep Learning Methods for Multi-species Animal Re-identification and Tracking - a Survey},
    author       = {Ravoor, Prashanth C. and Sudarshan, T. S. B.},
    year         = 2020,
    month        = {Nov.},
    journal      = {Comput. Sci. Rev.},
    volume       = 38,
    number       = 100289,
    pages        = {1--33}
}
@article{rey_detecting_2017,
    title        = {Detecting Animals in {African} {Savanna} With {UAVs} and the Crowds},
    author       = {Rey, Nicolas and Volpi, Michele and Joost, St{\'e}phane and Tuia, Devis},
    year         = 2017,
    month        = {Oct.},
    journal      = {Remote Sens. Environ.},
    volume       = 200,
    number       = 1,
    pages        = {341--351}
}
@article{rezig_data_2019,
    title        = {{Data} {Civilizer} 2.0: A Holistic Framework for Data Preparation and Analytics},
    author       = {Rezig, El Kindi and Cao, Lei and Stonebraker, Michael and Simonini, Giovanni and Tao, Wenbo and Madden, Samuel and Ouzzani, Mourad and others},
    year         = 2019,
    month        = {Aug.},
    journal      = {VLDB Endowment},
    volume       = 12,
    number       = 12,
    pages        = {1954--1957}
}
@article{robbins_stochastic_1951,
    title        = {A Stochastic Approximation Method},
    author       = {Robbins, Herbert and Monro, Sutton},
    year         = 1951,
    month        = {Sep.},
    journal      = {Ann. Math. Stat.},
    volume       = 22,
    number       = 3,
    pages        = {400--407}
}
@article{robson_sample_1964,
    title        = {Sample Size in Petersen Mark–recapture Experiments},
    author       = {Robson, D. S. and Regier, H. A.},
    year         = 1964,
    month        = {Jul.},
    journal      = {Trans. Amer. Fisheries Soc.},
    volume       = 93,
    number       = 3,
    pages        = {215--226}
}
@article{rubenstein_ecology_1994,
    title        = {The Ecology of Female Social Behavior in Horses, Zebras, and Asses},
    author       = {Rubenstein, D.I.},
    year         = 1994,
    month        = {Jan.},
    journal      = {Physiol. Ecol. Jpn.},
    volume       = 29,
    number       = {1--2},
    pages        = {13--28}
}
@article{rubenstein_equus_2016,
    title        = {Equus Grevyi},
    author       = {Rubenstein, D. and Low Mackey, B and Davidson, {ZD}. and Kebebe, F. and King, S.R.B.},
    year         = 2016,
    month        = {Aug.},
    journal      = {IUCN Red List Threatened Species 2016},
    volume       = {e.T7950A89624491},
    number       = 1,
    pages        = {1--15}
}
@article{rumelhart_learning_1986,
    title        = {Learning Representations by Back-propagating Errors},
    author       = {Rumelhart, David E. and Hinton, Geoffrey E. and Williams, Ronald J.},
    year         = 1986,
    month        = {Oct.},
    journal      = {Nature},
    volume       = 323,
    number       = 6088,
    pages        = {533--536}
}
@article{russakovsky_imagenet_2015,
    title        = {{ImageNet} Large Scale Visual Recognition Challenge},
    author       = {Russakovsky, Olga and {Deng \textit{et al.}}, Jia and Su, Hao and Krause, Jonathan and Satheesh, Sanjeev and Ma, Sean and Huang, Zhiheng and others},
    year         = 2015,
    month        = {Dec.},
    journal      = {Int. J. Comput. Vis.},
    volume       = 115,
    number       = 3,
    pages        = {211--252}
}
@article{sarwar_detecting_2021,
    title        = {Detecting Sheep in {UAV} Images},
    author       = {Sarwar, Farah and Griffin, Anthony and Rehman, Saeed Ur and Pasang, Timotius},
    year         = 2021,
    month        = {Aug.},
    journal      = {Comput. Electron. Agriculture},
    volume       = 187,
    number       = 106219,
    pages        = {2--12}
}
@article{schelter_taming_2020,
    title        = {Taming Technical Bias in Machine Learning Pipelines},
    author       = {Schelter, S. and Stoyanovich, J.},
    year         = 2020,
    month        = {Dec.},
    journal      = {Database Eng. Bull.},
    volume       = 43,
    number       = 4,
    pages        = {39--50}
}
@article{schneider_past_2019,
    title        = {Past, Present and Future Approaches Using Computer Vision for Animal Re-identification From Camera Trap Data},
    author       = {Schneider, Stefan and Taylor, Graham W. and Linquist, Stefan and Kremer, Stefan C.},
    year         = 2019,
    month        = {Apr.},
    journal      = {Meth. Ecol. Evol.},
    volume       = 10,
    number       = 4,
    pages        = {461--470}
}
@article{schofield_chimpanzee_2019,
    title        = {Chimpanzee Face Recognition From Videos in the Wild Using Deep Learning},
    author       = {Schofield, Daniel and Nagrani, Arsha and Zisserman, Andrew and Hayashi, Misato and Matsuzawa, Tetsuro and Biro, Dora and Carvalho, Susana},
    year         = 2019,
    month        = {Sep.},
    journal      = {Sci. Adv.},
    volume       = 5,
    number       = 9,
    pages        = {1--9}
}
@article{seber_note_1965,
    title        = {A Note on the Multiple-recapture Census},
    author       = {Seber, George {AF}},
    year         = 1965,
    month        = {Jun.},
    journal      = {Biometrika},
    volume       = 52,
    number       = {1/2},
    pages        = {249--259}
}
@article{sevo_convolutional_2016,
    title        = {Convolutional Neural Network Based Automatic Object Detection on Aerial Images},
    author       = {ŠEvo, Igor and Avramović, Aleksej},
    year         = 2016,
    month        = {Apr.},
    journal      = {IEEE Geosci. Remote Sens. Lett.},
    volume       = 13,
    number       = 5,
    pages        = {740--744}
}
@article{sikes_guidelines_2011,
    title        = {Guidelines of the {American} {Society} of {Mammalogists} for the Use of Wild Mammals in Research},
    author       = {Sikes, Robert S. and Gannon, William L.},
    year         = 2011,
    month        = {Feb.},
    journal      = {J. Mammalogy},
    volume       = 92,
    number       = 1,
    pages        = {235--253}
}
@article{silvertown_new_2009,
    title        = {A New Dawn for Citizen Science},
    author       = {Silvertown, Jonathan},
    year         = 2009,
    month        = {Sep.},
    journal      = {Trends Ecol. Evol.},
    volume       = 24,
    number       = 9,
    pages        = {467--471}
}
@article{specht_biased_2018,
    title        = {Biased Assumptions and Oversimplifications in Evaluations of Citizen Science Data Quality},
    author       = {Specht, Hannah and Lewandowski, Eva},
    year         = 2018,
    month        = {Apr.},
    journal      = {Bull. Ecol. Soc. Amer.},
    volume       = 99,
    number       = 2,
    pages        = {251--256}
}
@article{specht_probabilistic_1990,
    title        = {Probabilistic Neural Networks},
    author       = {Specht, Donald F.},
    year         = 1990,
    month        = {Jan.},
    journal      = {Neural Netw.},
    volume       = 3,
    number       = 1,
    pages        = {109--118}
}
@article{sullivan_ebird:_2009,
    title        = {{eBird}: A Citizen-based Bird Observation Network in the Biological Sciences},
    author       = {Sullivan, Brian L. and Wood, Christopher L. and Iliff, Marshall J. and Bonney, Rick E. and Fink, Daniel and Kelling, Steve},
    year         = 2009,
    month        = {Oct.},
    journal      = {Biol. Conserv.},
    volume       = 142,
    number       = 10,
    pages        = {2282--2292}
}
@article{swanson_snapshot_2015,
    title        = {{Snapshot} {Serengeti}, High-frequency Annotated Camera Trap Images of 40 Mammalian Species in an {African} Savanna},
    author       = {Swanson, Alexandra and Kosmala, Margaret and Lintott, Chris and Simpson, Robert and Smith, Arfon and Packer, Craig},
    year         = 2015,
    month        = {Jun.},
    journal      = {Sci. Data},
    volume       = 2,
    number       = 150026,
    pages        = {1--14}
}
@article{thouless_long_1995,
    title        = {Long Distance Movements of Elephants in Northern {Kenya}},
    author       = {Thouless, C. R.},
    year         = 1995,
    month        = {Dec.},
    journal      = {Afr. J. Ecol.},
    volume       = 33,
    number       = 4,
    pages        = {321--334}
}
@article{trnovszky_animal_2017,
    title        = {Animal Recognition System Based on Convolutional Neural Network},
    author       = {Trnovszky, Tibor and Kamencay, Patrik and Orjesek, Richard and Benco, Miroslav and Sykora, Peter},
    year         = 2017,
    month        = {Sep.},
    journal      = {Adv. Elect. Electron. Eng.},
    volume       = 15,
    number       = 3,
    pages        = {517--525}
}
@article{uijlings_selective_2013,
    title        = {Selective Search for Object Recognition},
    author       = {Uijlings, J. R. R. and Sande, K. E. A. Van De and Gevers, T. and Smeulders, A. W. M.},
    year         = 2013,
    month        = {Sep.},
    journal      = {Int. J. Comput. Vis.},
    volume       = 104,
    number       = 2,
    pages        = {154--171}
}
@article{vermeulen_unmanned_2013,
    title        = {Unmanned Aerial Survey of Elephants},
    author       = {Vermeulen, C{\'e}dric and Lejeune, Philippe and Lisein, Jonathan and Sawadogo, Prosper and Bouch{\'e}, Philippe},
    year         = 2013,
    month        = {Feb.},
    journal      = {PLoS One},
    volume       = 8,
    number       = 2,
    pages        = {1--7}
}
@article{wang_deep_2018,
    title        = {Deep Visual Attention Prediction},
    author       = {Wang, Wenguan and Shen, Jianbing},
    year         = 2018,
    month        = {May},
    journal      = {IEEE Trans. Image Process.},
    volume       = 27,
    number       = 5,
    pages        = {2368--2378}
}
@article{wang_familiarity_1994,
    title        = {Familiarity and Pop-out in Visual Search},
    author       = {Wang, Qinqin and Cavanagh, Patrick and Green, Marc},
    year         = 1994,
    month        = {Sep.},
    journal      = {Perception Psychophysics},
    volume       = 56,
    number       = 5,
    pages        = {495--500}
}
@article{weinstein_computer_2018,
    title        = {A Computer Vision for Animal Ecology},
    author       = {Weinstein, Ben G.},
    year         = 2018,
    month        = {May},
    journal      = {J. Anim. Ecol.},
    volume       = 87,
    number       = 3,
    pages        = {533--545}
}
@article{weinstein_m_2015,
    title        = {{MotionMeerkat}: Integrating Motion Video Detection and Ecological Monitoring},
    author       = {Weinstein, Ben G.},
    year         = 2015,
    month        = {Mar.},
    journal      = {Meth. Ecol. Evol.},
    volume       = 6,
    number       = 3,
    pages        = {357--362}
}
@article{werfel_learning_2005,
    title        = {Learning Curves for Stochastic Gradient Descent in Linear Feedforward Networks},
    author       = {Werfel, Justin and Xie, Xiaohui and Seung, H. Sebastian},
    year         = 2005,
    month        = {Dec.},
    journal      = {Neural Comput.},
    volume       = 17,
    number       = 12,
    pages        = {2699--2718}
}
@article{white_program_1999,
    title        = {Program {MARK}: Survival Estimation From Populations of Marked Animals},
    author       = {White, Gary C and Burnham, Kenneth P},
    year         = 1999,
    month        = {Jan.},
    journal      = {Bird Stud.},
    volume       = 46,
    number       = {Supplement 001},
    pages        = {120--139}
}
@article{winckler_comparison_2005,
    title        = {Comparison of Fine-scale Recombination Rates in Humans and Chimpanzees},
    author       = {Winckler, Wendy and Myers, Simon R. and Richter, Daniel J. and Onofrio, Robert C. and {McDonald}, Gavin J. and Bontrop, Ronald E. and {McVean}, Gilean {AT} and others},
    year         = 2005,
    month        = {Apr.},
    journal      = {Sci.},
    volume       = 308,
    number       = 5718,
    pages        = {107--111}
}
@article{xin_helix_2018,
    title        = {{Helix}: Accelerating Human-in-the-loop Machine Learning},
    author       = {Xin, Doris and Ma, Litian and Liu, Jialin and Macke, Stephen and Song, Shuchen and Parameswaran, Aditya},
    year         = 2018,
    month        = {Aug.},
    journal      = {VLDB Endowment},
    volume       = 11,
    number       = 12,
    pages        = {1958--1961}
}
@article{xu_automated_2020,
    title        = {Automated Cattle Counting Using {Mask R-CNN} in Quadcopter Vision System},
    author       = {Xu, Beibei and Wang, Wensheng and Falzon, Greg and Kwan, Paul and Guo, Leifeng and Chen, Guipeng and Tait, Amy and others},
    year         = 2020,
    month        = {Apr.},
    journal      = {Comput. Electron. Agriculture},
    volume       = 171,
    number       = 105300,
    pages        = {1--12}
}
@article{zanzotto_viewpoint_2019,
    title        = {Viewpoint: Human-in-the-loop Artificial Intelligence},
    author       = {Zanzotto, Fabio Massimo},
    year         = 2019,
    month        = {Feb.},
    journal      = {J. Artif. Intell. Res.},
    volume       = 64,
    number       = 1,
    pages        = {243--252}
}
@article{zero_monitoring_2013,
    title        = {Monitoring an endangered {Savannah} ungulate, {Grevy's} zebra ({Equus} Grevyi): Choosing a method for estimating population densities},
    author       = {Zero, Victoria H. and Sundaresan, Siva R. and O'Brien, Timothy G. and Kinnaird, Margaret F.},
    year         = 2013,
    month        = {Jul.},
    journal      = {Oryx},
    volume       = 47,
    number       = 3,
    pages        = {410--419}
}
@article{zhu_introduction_2009,
    title        = {Introduction to Semi-supervised Learning},
    author       = {Zhu, Xiaojin and Goldberg, Andrew B.},
    year         = 2009,
    month        = {Jun.},
    journal      = {Syn. Lect. Artif. Intell. Mach. Learn.},
    volume       = 3,
    number       = 1,
    pages        = {1--130}
}
@book{ancrenaz_handbook_2012,
    title        = {Handbook for Wildlife Monitoring Using Camera-traps},
    author       = {Ancrenaz, M and Hearn, {AJ} and Ross, J and Sollmann, R and Wilting, A},
    year         = 2012,
    publisher    = {BBEC},
    address      = {Kota Kinabalu, {Malaysia}}
}
@book{chapman_fallow_1975,
    title        = {Fallow Deer: Their History, Distribution, and Biology},
    author       = {Chapman, Donald and Chapman, Norma},
    year         = 1975,
    publisher    = {Dalton},
    address      = {Ithaca, {NY}, {USA}}
}
@book{irwin_citizen_1995,
    title        = {Citizen Science: A Study of People, Expertise and Sustainable Development},
    author       = {Irwin, Alan},
    year         = 1995,
    publisher    = {Routledge},
    address      = {New York, {NY}, {USA}},
}
@book{petersen_valuation_1911,
    title        = {Valuation of the Sea},
    author       = {Petersen, Carl Georg Johannes and Boysen-Jensen, Peter},
    year         = 1911,
    publisher    = {Centraltrykkeriet},
    address      = {Copenhagen, {Denmark}}
}
@book{seber_estimation_1982,
    title        = {The Estimation of Animal Abundance and Related Parameters},
    author       = {Seber, George Arthur Frederick},
    year         = 1982,
    publisher    = {Macmillan},
    address      = {New York, {NY}, {USA}}
}
@incollection{fitzgibbon_antipredator_1995,
    title        = {Antipredator behavior of {Serengeti} ungulates: Individual differences and population consequences},
    author       = {{FitzGibbon}, Clare D. and Lazarus, John},
    year         = 1995,
    booktitle    = {{Serengeti} {II}: Dynamics, Management, and Conservation of an Ecosystem},
    publisher    = {Univ. of Chicago},
    address      = {Chicago, {IL}, {USA}},
    series       = {vol. 2},
    pages        = {274--296},
    chapter      = 13,
    editor       = {{FitzGibbon}, Clare D. and Lazarus, John}
}
@incollection{karanth_estimating_2012,
    title        = {Estimating Abundance and Other Demographic Parameters in Elephant Populations Using Capture–Recapture Sampling: Field Practices},
    author       = {Karanth, K. Ullas and Kumar, N. Samba and Goswami, Varun R. and Nichols, James D. and Hedges, Simon},
    year         = 2012,
    booktitle    = {Monitoring Elephant Populations and Assessing Threats: A Manual for Researchers, Managers and Conservationists},
    publisher    = {Univ. Press},
    address      = {Himayatnagar, {Hyderabad}, {India}},
    series       = {vol. 1},
    pages        = {172--213},
    chapter      = 10,
    editor       = {Hedges, Simon}
}
@incollection{learned-miller_labeled_2016,
    title        = {Labeled Faces in the Wild: A Survey},
    author       = {Learned-Miller, Erik and Huang, Gary B. and {RoyChowdhury}, Aruni and Li, Haoxiang and Hua, Gang},
    year         = 2016,
    booktitle    = {Adv. Face Detect. Facial Image Anal.},
    publisher    = {Springer Cham},
    address      = {Copenhagen, {Denmark}},
    series       = {vol. 1},
    pages        = {189--248},
    chapter      = 8,
    editor       = {Kawulok, Michal and Celebi, Emre and Smolka, Bogdan}
}
@incollection{macedo_ecology_2010,
    title        = {Ecology, Social Behavior, and Conservation in Zebras},
    author       = {Rubenstein, Daniel I.},
    year         = 2010,
    booktitle    = {Behav. Ecol. Trop. Anim.},
    publisher    = {Elsevier},
    address      = {Burlington, {MA}, {USA}},
    series       = {(Adv. Stud. Behav.), vol. 42},
    pages        = {231--258},
    chapter      = 7,
    editor       = {Macedo, Regina}
}
@inproceedings{bazzani_self-taught_2016,
    title        = {Self-taught Object Localization With Deep Networks},
    author       = {Bazzani, L. and Bergamo, A. and Anguelov, D. and Torresani, L.},
    year         = 2016,
    month        = {Mar.},
    booktitle    = {IEEE Winter Conf. Applicat. Comput. Vis.},
    address      = {Lake Placid, {NY}, {USA}},
    pages        = {1--9}
}
@inproceedings{bell_inside-outside_2016,
    title        = {{Inside-Outside} Net: Detecting Objects in Context With Skip Pooling and Recurrent Neural Networks},
    author       = {Bell, Sean and Lawrence Zitnick, C. and Bala, Kavita and Girshick, Ross},
    year         = 2016,
    month        = {Jun.},
    booktitle    = {IEEE Conf. Comput. Vis. Pattern Recog.},
    address      = {Las Vegas, {NV}, {USA}},
    pages        = {2874--2883}
}
@inproceedings{berger-wolf_ibeis:_2015,
    title        = {{IBEIS}: Image-based Ecological Information System: From Pixels to Science and Conservation},
    author       = {Berger-Wolf, T. Y. and Rubenstein, D. I. and Stewart, C. v. and Holmberg, J. and Parham, J. and Crall, J.},
    year         = 2015,
    month        = {Sep.},
    booktitle    = {Bloomberg Data for Good Exchange Conf.},
    address      = {New York, {NY}, {USA}},
    pages        = {1--4}
}
@inproceedings{bergstra_theano:_2010,
    title        = {{Theano}: a {CPU} and {GPU} Math Expression Compiler},
    author       = {Bergstra, James and Breuleux, Olivier and Bastien, Fr{\'e}d{\'e}ric and Lamblin, Pascal and Pascanu, Razvan and Desjardins, Guillaume and Turian, Joseph and others},
    year         = 2010,
    month        = {Jun.},
    booktitle    = {Python Sci. Comput. Conf.},
    address      = {Austin, {TX}, {USA}},
    volume       = 4,
    pages        = {3--10}
}
@inproceedings{bertozzi_pedestrian_2007,
    title        = {A Pedestrian Detector Using Histograms of Oriented Gradients and a Support Vector Machine Classifier},
    author       = {Bertozzi, Massimo and Broggi, Alberto and Del Rose, Mike and Felisa, Mirko and Rakotomamonjy, Alain and Suard, Fr{\'e}d{\'e}ric},
    year         = 2007,
    month        = {Sep.},
    booktitle    = {IEEE Intell. Transp. Syst. Conf.},
    address      = {Bellevue, {WA}, {USA}},
    volume       = 27,
    pages        = {143--148}
}
@inproceedings{bodla_soft-nmsimproving_2017,
    title        = {{Soft-NMS} – Improving Object Detection With One Line of Code},
    author       = {Bodla, Navaneeth and Singh, Bharat and Chellappa, Rama and Davis, Larry S.},
    year         = 2017,
    month        = {Oct.},
    booktitle    = {IEEE Int. Conf. Comput. Vis.},
    address      = {Venice, {Italy}},
    pages        = {5561--5569}
}
@inproceedings{bonde_robust_2014,
    title        = {Robust Instance Recognition in Presence of Occlusion and Clutter},
    author       = {Bonde, Ujwal and Badrinarayanan, Vijay and Cipolla, Roberto},
    year         = 2014,
    month        = {Sep.},
    booktitle    = {Eur. Conf. Comput. Vis.},
    publisher    = {Springer},
    address      = {Zurich, {Switzerland}},
    pages        = {520--535}
}
@inproceedings{burghardt_tracking_2004,
    title        = {Tracking Animals in Wildlife Videos Using Face Detection},
    author       = {Burghardt, Tilo and Calic, Janko and Thomas, Barry T},
    year         = 2004,
    month        = {Nov.},
    booktitle    = {EWIMT},
    address      = {London, {United Kingdom}},
    pages        = {1--8}
}
@inproceedings{cai_unified_2016,
    title        = {A Unified Multi-scale Deep Convolutional Neural Network for Fast Object Detection},
    author       = {Cai, Zhaowei and Fan, Quanfu and Feris, Rogerio S. and Vasconcelos, Nuno},
    year         = 2016,
    month        = {Oct.},
    booktitle    = {Eur. Conf. Comput. Vis.},
    publisher    = {Springer},
    address      = {Amsterdam, {Netherlands}},
    series       = {in Lecture Notes in Computer Science},
    pages        = {354--370},
    editor       = {Leibe, Bastian and Matas, Jiri and Sebe, Nicu and Welling, Max}
}
@inproceedings{chai_symbiotic_2013,
    title        = {Symbiotic Segmentation and Part Localization for Fine-grained Categorization},
    author       = {Chai, Yuning and Lempitsky, Victor and Zisserman, Andrew},
    year         = 2013,
    month        = {Dec.},
    booktitle    = {IEEE Int. Conf. Comput. Vis.},
    address      = {Sydney, {Australia}},
    pages        = {321--328}
}
@inproceedings{chang_fusing_2011,
    title        = {Fusing Generic Objectness and Visual Saliency for Salient Object Detection},
    author       = {Chang, Kai-Yueh and Liu, Tyng-Luh and Chen, Hwann-Tzong and Lai, Shang-Hong},
    year         = 2011,
    month        = {Nov.},
    booktitle    = {IEEE Int. Conf. Comput. Vis.},
    address      = {Barcelona, {Spain}},
    pages        = {914--921}
}
@inproceedings{cheema_automatic_2017,
    title        = {Automatic Detection and Recognition of Individuals in Patterned Species},
    author       = {Cheema, Gullal Singh and Anand, Saket},
    year         = 2017,
    month        = {Sep.},
    booktitle    = {Joint Eur. Conf. Mach. Learn. Knowl. Disc. Databases},
    publisher    = {Springer},
    address      = {Skopje, {Macedonia}},
    pages        = {27--38}
}
@inproceedings{chen_webly_2015,
    title        = {Webly Supervised Learning of Convolutional Networks},
    author       = {Chen, Xinlei and Gupta, Abhinav},
    year         = 2015,
    month        = {Dec.},
    booktitle    = {IEEE Int. Conf. Comput. Vis.},
    address      = {Santiago, {Chile}},
    pages        = {1431--1439}
}
@inproceedings{cheng_bing:_2014,
    title        = {{BING}: Binarized Normed Gradients for Objectness Estimation at 300fps},
    author       = {Cheng, Ming-Ming and Zhang, Ziming and Lin, Wen-Yan and Torr, Philip},
    year         = 2014,
    month        = {Jun.},
    booktitle    = {IEEE Conf. Comput. Vis. Pattern Recog.},
    address      = {Columbus, {OH}, {USA}},
    pages        = {3286--3293}
}
@inproceedings{cho_unsupervised_2015,
    title        = {Unsupervised Object Discovery and Localization in the Wild: Part-based Matching With Bottom-up Region Proposals},
    author       = {Cho, Minsu and Kwak, Suha and Schmid, Cordelia and Ponce, Jean},
    year         = 2015,
    month        = {Jun.},
    booktitle    = {IEEE Conf. Comput. Vis. Pattern Recog.},
    address      = {Boston, {MA}, {USA}},
    pages        = {1201--1210}
}
@inproceedings{chu_multi-context_2017,
    title        = {Multi-context Attention for Human Pose Estimation},
    author       = {Chu, Xiao and Yang, Wei and Ouyang, Wanli and Ma, Cheng and Yuille, Alan L. and Wang, Xiaogang},
    year         = 2017,
    month        = {Jun.},
    booktitle    = {IEEE Conf. Comput. Vis. Pattern Recog.},
    address      = {Honolulu, {HI}, {USA}},
    pages        = {1831--1840}
}
@inproceedings{cinbis_segmentation_2013,
    title        = {Segmentation Driven Object Detection With Fisher Vectors},
    author       = {Cinbis, Ramazan Gokberk and Verbeek, Jakob and Schmid, Cordelia},
    year         = 2013,
    month        = {Dec.},
    booktitle    = {IEEE Int. Conf. Comput. Vis.},
    address      = {Sydney, {Australia}},
    pages        = {2968--2975}
}
@inproceedings{crall_hotspotter_2013,
    title        = {{HotSpotter} - Patterned Species Instance Recognition},
    author       = {Crall, Jonathan P. and Stewart, Charles v. and Berger-Wolf, Tanya Y. and Rubenstein, Daniel I. and Sundaresan, Siva R.},
    year         = 2013,
    month        = {Jan.},
    booktitle    = {IEEE Winter Conf. Applicat. Comput. Vis.},
    address      = {Tampa, {FL}, {USA}},
    pages        = {230--237}
}
@inproceedings{dahl_improving_2013,
    title        = {Improving Deep Neural Networks for {LVCSR} Using Rectified Linear Units and Dropout},
    author       = {Dahl, G.E. and Sainath, T.N. and Hinton, G.E.},
    year         = 2013,
    month        = {May},
    booktitle    = {IEEE Int. Conf. Acoust. Speech Sign. Process.},
    address      = {Vancouver, {British Columbia}, {Canada}},
    pages        = {8609--8613}
}
@inproceedings{dai_r-fcn_2016,
    title        = {{R-FCN}: Object Detection via Region-based Fully Convolutional Networks},
    author       = {Dai, Jifeng and Li, Yi and He, Kaiming and Sun, Jian},
    year         = 2016,
    month        = {Dec.},
    booktitle    = {Adv. Neural Inform. Process. Syst.},
    address      = {Barcelona, {Spain}},
    pages        = {379--387}
}
@inproceedings{dalal_histograms_2005,
    title        = {Histograms of Oriented Gradients for Human Detection},
    author       = {Dalal, N. and Triggs, B.},
    year         = 2005,
    month        = {Jun.},
    booktitle    = {IEEE Conf. Comput. Vis. Pattern Recog.},
    address      = {San Diego, {CA}, {USA}},
    volume       = 1,
    pages        = {886--893}
}
@inproceedings{dantone_real-time_2012,
    title        = {Real-time Facial Feature Detection Using Conditional Regression Forests},
    author       = {Dantone, Matthias and Gall, Juergen and Fanelli, Gabriele and Van Gool, Luc},
    year         = 2012,
    month        = {Jun.},
    booktitle    = {IEEE Conf. Comput. Vis. Pattern Recog.},
    address      = {Providence, {RI}, {USA}},
    pages        = {2578--2585}
}
@inproceedings{deb_face_2018,
    title        = {Face Recognition: Primates in the Wild},
    author       = {Deb, Debayan and Wiper, Susan and Gong, Sixue and Shi, Yichun and Tymoszek, Cori and Fletcher, Alison and Jain, Anil K.},
    year         = 2018,
    month        = {Oct.},
    booktitle    = {IEEE Int. Conf. Biomet. Theor. Applicat. Syst.},
    address      = {Miyazaki, {Japan}},
    pages        = {1--10}
}
@inproceedings{dlamini_automated_2020,
    title        = {Automated Identification of Individuals in Wildlife Population Using Siamese Neural Networks},
    author       = {Dlamini, Nkosikhona and Van Zyl, Terence L.},
    year         = 2020,
    month        = {Nov.},
    booktitle    = {IEEE Int. Conf. Soft Comput. Mach. Intell.},
    address      = {Stockholm, {Sweden}},
    pages        = {224--228}
}
@inproceedings{dong_triplet_2018,
    title        = {Triplet Loss in Siamese Network for Object Tracking},
    author       = {Dong, Xingping and Shen, Jianbing},
    year         = 2018,
    month        = {Sep.},
    booktitle    = {Eur. Conf. Comput. Vis.},
    publisher    = {Springer},
    address      = {Munich, {Germany}},
    pages        = {459--474}
}
@inproceedings{dosovitskiy_carla:_2017,
    title        = {{CARLA}: An Open Urban Driving Simulator},
    author       = {Dosovitskiy, Alexey and Ros, German and Codevilla, Felipe and Lopez, Antonio and Koltun, Vladlen},
    year         = 2017,
    month        = {Nov.},
    booktitle    = {Annu. Conf. Robot Learn.},
    address      = {Mountain View, {CA}, {USA}},
    pages        = {1--16}
}
@inproceedings{dunbar_hotspotter_2017,
    title        = {{HotSpotter}: Less Manipulating, More Learning, and Better Vision for Turtle Photo Identification},
    author       = {Dunbar, Stephen G. and Baumbach, Dustin S. and Wright, Marsha K. and Hayes, Christian T. and Holmberg, Jason and Crall, Jonathan P. and Berger-Wolf, T. and others},
    year         = 2017,
    month        = {Apr.},
    booktitle    = {Symp. Sea Turtle Biol. Conserv.},
    address      = {Las Vegas, {NV}, {USA}},
    pages        = {1}
}
@inproceedings{eggert_benefit_2015,
    title        = {On the Benefit of Synthetic Data for Company Logo Detection},
    author       = {Eggert, Christian and Winschel, Anton and Lienhart, Rainer},
    year         = 2015,
    month        = {Oct.},
    booktitle    = {ACM Int. Conf. Multimedia},
    address      = {Brisbane, {Australia}},
    pages        = {1283--1286}
}
@inproceedings{erhan_scalable_2014,
    title        = {Scalable Object Detection Using Deep Neural Networks},
    author       = {Erhan, Dumitru and Szegedy, Christian and Toshev, Alexander and Anguelov, Dragomir},
    year         = 2014,
    month        = {Jun.},
    booktitle    = {IEEE Conf. Comput. Vis. Pattern Recog.},
    address      = {Columbus, {OH}, {USA}},
    pages        = {2147--2154}
}
@inproceedings{esmaeilzadeh_neural_2012,
    title        = {Neural Acceleration for General-purpose Approximate Programs},
    author       = {Esmaeilzadeh, Hadi and Sampson, Adrian and Ceze, Luis and Burger, Doug},
    year         = 2012,
    month        = {Dec.},
    booktitle    = {Ann. IEEE/ACM Int. Symp. Microarch.},
    address      = {Washington, {DC}, {USA}},
    pages        = {449--460}
}
@inproceedings{fan_shifting_2019,
    title        = {Shifting More Attention to Video Salient Object Detection},
    author       = {Fan, {Deng \textit{et al.}}-Ping and Wang, Wenguan and Cheng, Ming-Ming and Shen, Jianbing},
    year         = 2019,
    month        = {Jun.},
    booktitle    = {IEEE Conf. Comput. Vis. Pattern Recog.},
    address      = {Long Beach, {CA}, {USA}},
    pages        = {8554--8564}
}
@inproceedings{fanelli_real_2011,
    title        = {Real Time Head Pose Estimation With Random Regression Forests},
    author       = {Fanelli, Gabriele and Gall, Juergen and Van Gool, Luc},
    year         = 2011,
    month        = {Jun.},
    booktitle    = {IEEE Conf. Comput. Vis. Pattern Recog.},
    address      = {Colorado Springs, {CO}, {USA}},
    pages        = {617--624}
}
@inproceedings{felzenszwalb_discriminatively_2008,
    title        = {A Discriminatively Trained, Multiscale, Deformable Part Model},
    author       = {Felzenszwalb, P. and {McAllester}, D. and Ramanan, D.},
    year         = 2008,
    month        = {Jun.},
    booktitle    = {IEEE Conf. Comput. Vis. Pattern Recog.},
    address      = {Anchorage, {AK}, {USA}},
    pages        = {1--8}
}
@inproceedings{forrester_emammalcitizen_2014,
    title        = {{eMammal} – citizen Science Camera Trapping as a Solution for Broad-scale, Long-term Monitoring of Wildlife Populations},
    author       = {Forrester, Tavis and {McShea}, William J. and Keys, R. W. and Costello, Robert and Baker, Megan and Parsons, Arielle},
    year         = 2014,
    month        = {Jul.},
    booktitle    = {North Amer. Congr. Conserv. Biol.},
    address      = {Missoula, {MT}, {USA}},
    pages        = {80--86}
}
@inproceedings{fragkiadaki_learning_2015,
    title        = {Learning to Segment Moving Objects in Videos},
    author       = {Fragkiadaki, Katerina and Arbeláez, Pablo and Felsen, Panna and Malik, Jitendra},
    year         = 2015,
    month        = {Jun.},
    booktitle    = {IEEE Conf. Comput. Vis. Pattern Recog.},
    address      = {Boston, {MA}, {USA}},
    pages        = {4083--4090}
}
@inproceedings{freytag_chimpanzee_2016,
    title        = {Chimpanzee Faces in the Wild: {Log-Euclidean} {CNNs} for Predicting Identities and Attributes of Primates},
    author       = {Freytag, Alexander and Rodner, Erik and Simon, Marcel and Loos, Alexander and K{\"u}hl, Hjalmar S. and Denzler, Joachim},
    year         = 2016,
    month        = {Sep.},
    booktitle    = {German Conf. Pattern Recog.},
    publisher    = {Springer},
    address      = {Hannover, {Germany}},
    pages        = {51--63}
}
@inproceedings{gall_class-specific_2009,
    title        = {Class-specific {Hough} Forests for Object Detection},
    author       = {Gall, J. and Lempitsky, V.},
    year         = 2009,
    month        = {Jun.},
    booktitle    = {IEEE Conf. Comput. Vis. Pattern Recog.},
    address      = {Miami, {FL}, {USA}},
    pages        = {1022--1029}
}
@inproceedings{ghodrati_deepproposal_2015,
    title        = {{DeepProposal}: Hunting Objects by Cascading Deep Convolutional Layers},
    author       = {Ghodrati, Amir and Diba, Ali and Pedersoli, Marco and Tuytelaars, Tinne and Van Gool, Luc},
    year         = 2015,
    month        = {Dec.},
    booktitle    = {IEEE Int. Conf. Comput. Vis.},
    address      = {Las Condes, {Chile}},
    pages        = {2578--2586}
}
@inproceedings{girshick_deformable_2015,
    title        = {Deformable Part Models Are Convolutional Neural Networks},
    author       = {Girshick, Ross and Iandola, Forrest and Darrell, Trevor and Malik, Jitendra},
    year         = 2015,
    month        = {Jun.},
    booktitle    = {IEEE Conf. Comput. Vis. Pattern Recog.},
    address      = {Boston, {MA}, {USA}},
    pages        = {437--446}
}
@inproceedings{girshick_fast_2015,
    title        = {Fast {R-CNN}},
    author       = {Girshick, Ross},
    year         = 2015,
    month        = {Dec.},
    booktitle    = {IEEE Int. Conf. Comput. Vis.},
    address      = {Santiago, {Chile}},
    pages        = {1440--1448}
}
@inproceedings{glorot_deep_2011,
    title        = {Deep Sparse Rectifier Neural Networks},
    author       = {Glorot, Xavier and Bordes, Antoine and Bengio, Yoshua},
    year         = 2011,
    month        = {Apr.},
    booktitle    = {Int. Conf. Artif. Intell. and Stat.},
    address      = {Ft. Lauderdale, {FL}, {USA}},
    pages        = {315--323}
}
@inproceedings{gouk_fast_2014,
    title        = {Fast Sliding Window Classification With Convolutional Neural Networks},
    author       = {Gouk, Henry G. R. and Blake, Anthony M.},
    year         = 2014,
    month        = {Nov.},
    booktitle    = {ACM Int. Conf. Image Vis. Comput. New Zealand},
    address      = {Dunedin, {New Zealand}},
    pages        = {114--118}
}
@inproceedings{haklay_geographical_2010,
    title        = {Geographical Citizen Science - Clash of Cultures and New Opportunities},
    author       = {Haklay, M.},
    year         = 2010,
    month        = {Sep.},
    booktitle    = {Workshop Role Volunt. Geo. Inf. in Adv. Sci.},
    address      = {Zurich, {Switzerland}},
    pages        = {105--122}
}
@inproceedings{hariharan_simultaneous_2014,
    title        = {Simultaneous Detection and Segmentation},
    author       = {Hariharan, Bharath and Arbeláez, Pablo and Girshick, Ross and Malik, Jitendra},
    year         = 2014,
    month        = {Sep.},
    booktitle    = {Eur. Conf. Comput. Vis.},
    publisher    = {Springer},
    address      = {Zurich, {Switzerland}},
    pages        = {297--312}
}
@inproceedings{he_identity_2016,
    title        = {Identity Mappings in Deep Residual Networks},
    author       = {He, Kaiming and Zhang, Xiangyu and Ren, Shaoqing and Sun, Jian},
    year         = 2016,
    month        = {Mar.},
    booktitle    = {Eur. Conf. Comput. Vis.},
    publisher    = {Springer},
    address      = {Amsterdam, {Netherlands}},
    pages        = {630--645}
}
@inproceedings{hecht-nielsen_theory_1989,
    title        = {Theory of the Backpropagation Neural Network},
    author       = {Hecht-Nielsen, R.},
    year         = 1989,
    month        = {Jun.},
    booktitle    = {Int. Joint Conf. Neural Netw.},
    address      = {Washington, {DC}, {USA}},
    pages        = {593--605}
}
@inproceedings{hoiem_diagnosing_2012,
    title        = {Diagnosing error in object detectors},
    author       = {Hoiem, Derek and Chodpathumwan, Yodsawalai and Dai, Qieyun},
    year         = 2012,
    month        = {Oct.},
    booktitle    = {Eur. Conf. Comput. Vis.},
    publisher    = {Springer},
    address      = {Florence, {Italy}},
    pages        = {340--353}
}
@inproceedings{hu_fastmask_2017,
    title        = {{Fastmask}: Segment Multi-scale Object Candidates in One Shot},
    author       = {Hu, Hexiang and Lan, Shiyi and Jiang, Yuning and Cao, Zhimin and Sha, Fei},
    year         = 2017,
    month        = {Jun.},
    booktitle    = {IEEE Conf. Comput. Vis. Pattern Recog.},
    address      = {Honolulu, {HI}, {USA}},
    pages        = {991--999}
}
@inproceedings{huang_labeled_2008,
    title        = {Labeled Faces in the Wild: A Database Forstudying Face Recognition in Unconstrained Environments},
    author       = {Huang, Gary B. and Mattar, Marwan and Berg, Tamara and Learned-Miller, Eric},
    year         = 2008,
    month        = {Oct.},
    booktitle    = {Workshop Faces `Real-Life' Imag.: Detect., Align., and Recog.},
    address      = {Marseille, {France}},
    pages        = {1--14},
    editor       = {Learned-Miller, Erik and Ferencz, Andras and Jurie, Fr{\'e}d{\'e}ric}
}
@inproceedings{hubara_binarized_2016,
    title        = {Binarized Neural Networks},
    author       = {Hubara, Itay and Courbariaux, Matthieu and Soudry, Daniel and El-Yaniv, Ran and Bengio, Yoshua},
    year         = 2016,
    month        = {Dec.},
    booktitle    = {Adv. Neural Inform. Process. Syst.},
    address      = {Barcelona, {Spain}},
    pages        = {4107--4115}
}
@inproceedings{jia_caffe:_2014,
    title        = {{Caffe}: Convolutional Architecture for Fast Feature Embedding},
    author       = {Jia, Yangqing and Shelhamer, Evan and Donahue, Jeff and Karayev, Sergey and Long, Jonathan and Girshick, Ross and Guadarrama, Sergio and others},
    year         = 2014,
    month        = {Nov.},
    booktitle    = {ACM Int. Conf. Multimedia},
    address      = {Orlando, {FL}, {USA}},
    pages        = {675--678}
}
@inproceedings{jiang_identifying_2020,
    title        = {Identifying and Correcting Label Bias in Machine Learning},
    author       = {Jiang, Heinrich and Nachum, Ofir},
    year         = 2020,
    month        = {Aug.},
    booktitle    = {Int. Conf. Artif. Intell. and Stat.},
    address      = {Palermo, {Italy}},
    publisher    = {PMLR},
    volume       = 108,
    pages        = {702--712}
}
@inproceedings{jiang_salient_2013,
    title        = {Salient Object Detection: A Discriminative Regional Feature Integration Approach},
    author       = {Jiang, Huaizu and Wang, Jingdong and Yuan, Zejian and Wu, Yang and Zheng, Nanning and Li, Shipeng},
    year         = 2013,
    month        = {Jun.},
    booktitle    = {IEEE Conf. Comput. Vis. Pattern Recog.},
    address      = {Portland, {OR}, {USA}},
    pages        = {2083--2090}
}
@inproceedings{jouppi_-datacenter_2017,
    title        = {In-datacenter Performance Analysis of a Tensor Processing Unit},
    author       = {Jouppi, Norman P. and Young, Cliff and Patil, Nishant and Patterson, David and Agrawal, Gaurav and Bajwa, Raminder and Bates, Sarah and others},
    year         = 2017,
    month        = {Jun.},
    booktitle    = {Ann. Int. Symp. Comp. Arch.},
    address      = {Toronto, {Ontario}, {Canada}},
    pages        = {1--12}
}
@inproceedings{juang_energy-efficient_2002,
    title        = {Energy-efficient Computing for Wildlife Tracking: Design Tradeoffs and Early Experiences With {ZebraNet}},
    author       = {Juang, P. and Oki, H. and Want, Y. and Martonosi, M. and Peh, L.-S. and Rubenstein, D.},
    year         = 2002,
    month        = {Oct.},
    booktitle    = {ACM Int. Conf. Arch. Sup. Program. Lang. Oper. Syst.},
    address      = {San Jose, {CA}, {USA}},
    pages        = {96--107}
}
@inproceedings{kabani_improving_2017,
    title        = {Improving Right Whale Recognition by Fine-tuning Alignment and Using Wide Localization Network},
    author       = {Kabani, AbdulWahab and El-Sakka, Mahmoud R.},
    year         = 2017,
    month        = {Aug.},
    booktitle    = {IEEE Can. Conf. Elect. Comput. Eng.},
    address      = {Windsor, {Ontario}, {Canada}},
    pages        = {1--6}
}
@inproceedings{kolesnikov_revisiting_2019,
    title        = {Revisiting Self-supervised Visual Representation Learning},
    author       = {Kolesnikov, Alexander and Zhai, Xiaohua and Beyer, Lucas},
    year         = 2019,
    month        = {Jun.},
    booktitle    = {IEEE Conf. Comput. Vis. Pattern Recog.},
    address      = {Long Beach, {CA}, {USA}},
    pages        = {1920--1929}
}
@inproceedings{korschens_elpephants_2019,
    title        = {{ELPephants}: A Fine-grained Dataset for Elephant Re-identification},
    author       = {Korschens, Matthias and Denzler, Joachim},
    year         = 2019,
    month        = {Oct.},
    booktitle    = {IEEE Int. Conf. Comput. Vis. Workshops},
    address      = {Las Vegas, {NV}, {USA}},
    pages        = {263--270}
}
@inproceedings{krizhevsky_imagenet_2012,
    title        = {{ImageNet} classification with deep convolutional neural networks},
    author       = {Krizhevsky, Alex and Sutskever, Ilya and Hinton, Geoffrey E.},
    year         = 2012,
    month        = {Dec.},
    booktitle    = {Adv. Neural Inform. Process. Syst.},
    address      = {Lake Tahoe, {CA}, {USA}},
    pages        = {1097--1105}
}
@inproceedings{kumar_attribute_2009,
    title        = {Attribute and Simile Classifiers for Face Verification},
    author       = {Kumar, Neeraj and Berg, Alexander C. and Belhumeur, Peter N. and Nayar, Shree K.},
    year         = 2009,
    month        = {Oct.},
    booktitle    = {IEEE Int. Conf. Comput. Vis.},
    address      = {Kyoto, {Japan}},
    pages        = {365--372}
}
@inproceedings{kumar_leafsnap:_2012,
    title        = {{Leafsnap}: A Computer Vision System for Automatic Plant Species Identification},
    author       = {Kumar, Neeraj and Belhumeur, Peter N. and Biswas, Arijit and Jacobs, David W. and Kress, W. John and Lopez, Ida C. and Soares, Joo v. B.},
    year         = 2012,
    month        = {Oct.},
    booktitle    = {Eur. Conf. Comput. Vis.},
    publisher    = {Springer},
    address      = {Florence, {Italy}},
    series       = {in Lecture Notes in Computer Science},
    pages        = {502--516},
    editor       = {Fitzgibbon, Andrew and Lazebnik, Svetlana and Perona, Pietro and Sato, Yoichi and Schmid, Cordelia}
}
@inproceedings{kuo_deepbox:_2015,
    title        = {{DeepBox}: Learning Objectness With Convolutional Networks},
    author       = {Kuo, Weicheng and Hariharan, Bharath and Malik, Jitendra},
    year         = 2015,
    month        = {Dec.},
    booktitle    = {IEEE Int. Conf. Comput. Vis.},
    address      = {Santiago, {Chile}},
    pages        = {2479--2487}
}
@inproceedings{lahiri_biometric_2011,
    title        = {Biometric Animal Databases From Field Photographs: Identification of Individual Zebra in the Wild},
    author       = {Lahiri, M. and Tantipathananandh, C. and Warungu, R. and Rubenstein, D. I. and Berger-Wolf, T. Y.},
    year         = 2011,
    month        = {Apr.},
    booktitle    = {ACM Int. Conf. Multimedia Retrieval},
    address      = {Trento, {Italy}},
    pages        = {1--8}
}
@inproceedings{li_efficient_2014,
    title        = {Efficient Mini-batch Training for Stochastic Optimization},
    author       = {Li, Mu and Zhang, Tong and Chen, Yuqiang and Smola, Alexander J.},
    year         = 2014,
    month        = {Aug.},
    booktitle    = {ACM Int. Conf. Knowl. Disc. Data Mining},
    address      = {New York, {NY}, {USA}},
    pages        = {661--670}
}
@inproceedings{li_weakly_2016,
    title        = {Weakly Supervised Object Localization With Progressive Domain Adaptation},
    author       = {Li, Dong and Huang, Jia-Bin and Li, Yali and Wang, Shengjin and Yang, Ming-Hsuan},
    year         = 2016,
    month        = {Jun.},
    booktitle    = {IEEE Conf. Comput. Vis. Pattern Recog.},
    address      = {Las Vegas, {NV}, {USA}},
    pages        = {3512--3520}
}
@inproceedings{lienhart_extended_2002,
    title        = {An Extended Set of {Haar}-like Features for Rapid Object Detection},
    author       = {Lienhart, Rainer and Maydt, Jochen},
    year         = 2002,
    month        = {Sep.},
    booktitle    = {IEEE Int. Conf. Image Process.},
    address      = {Rochester, {NY}, {USA}},
    pages        = {900--903}
}
@inproceedings{liu_dhsnet_2016,
    title        = {{DHSNet}: Deep Hierarchical Saliency Network for Salient Object Detection},
    author       = {Liu, Nian and Han, Junwei},
    year         = 2016,
    month        = {Jun.},
    booktitle    = {IEEE Conf. Comput. Vis. Pattern Recog.},
    address      = {Las Vegas, {NV}, {USA}},
    pages        = {678--686}
}
@inproceedings{liu_receptive_2018,
    title        = {Receptive Field Block Net for Accurate and Fast Object Detection},
    author       = {Liu, Songtao and Huang, Di},
    year         = 2018,
    month        = {Sep.},
    booktitle    = {Eur. Conf. Comput. Vis.},
    publisher    = {Springer},
    address      = {Munich, {Germany}},
    pages        = {385--400}
}
@inproceedings{liu_simple_2019,
    title        = {A Simple Pooling-based Design for Real-time Salient Object Detection},
    author       = {Liu, Jiang-Jiang and Hou, Qibin and Cheng, Ming-Ming and Feng, Jiashi and Jiang, Jianmin},
    year         = 2019,
    month        = {Jun.},
    booktitle    = {IEEE Conf. Comput. Vis. Pattern Recog.},
    address      = {Long Beach, {CA}, {USA}},
    pages        = {3917--3926}
}
@inproceedings{liu_ssd:_2016,
    title        = {{SSD}: Single Shot Multibox Detector},
    author       = {Liu, Wei and Anguelov, Dragomir and Erhan, Dumitru and Szegedy, Christian and Reed, Scott and Fu, Cheng-Yang and Berg, Alexander C.},
    year         = 2016,
    month        = {Oct.},
    booktitle    = {Eur. Conf. Comput. Vis.},
    publisher    = {Springer},
    address      = {Amsterdam, {Netherlands}},
    pages        = {21--37}
}
@inproceedings{long_fully_2015,
    title        = {Fully Convolutional Networks for Semantic Segmentation},
    author       = {Long, Jonathan and Shelhamer, Evan and Darrell, Trevor},
    year         = 2015,
    month        = {Jun.},
    booktitle    = {IEEE Conf. Comput. Vis. Pattern Recog.},
    address      = {Boston, {MA}, {USA}},
    pages        = {3431--3440}
}
@inproceedings{lu_surpassing_2015,
    title        = {Surpassing Human-level Face Verification Performance on {LFW} With {GaussianFace}},
    author       = {Lu, Chaochao and Tang, Xiaoou},
    year         = 2015,
    month        = {Jan.},
    booktitle    = {AAAI Conf. Artif. Intell.},
    address      = {Austin, {TX}, {USA}},
    pages        = {3811--3819}
}
@inproceedings{malisiewicz_ensemble_2011,
    title        = {Ensemble of Exemplar-{SVMs} for Object Detection and Beyond},
    author       = {Malisiewicz, T. and Gupta, A. and Efros, A.A.},
    year         = 2011,
    month        = {Nov.},
    booktitle    = {IEEE Int. Conf. Comput. Vis.},
    address      = {Barcelona, {Spain}},
    pages        = {89--96}
}
@inproceedings{marlin_inductive_2010,
    title        = {Inductive principles for restricted {Boltzmann} machine learning},
    author       = {Marlin, Benjamin M. and Swersky, Kevin and Chen, Bo and Freitas, Nando D.},
    year         = 2010,
    month        = {May},
    booktitle    = {Int. Conf. Artif. Intell. and Stat.},
    address      = {Sardinia, {Italy}},
    pages        = {509--516}
}
@inproceedings{mccann_local_2012,
    title        = {Local Naive {Bayes} Nearest Neighbor for Image Classification},
    author       = {{McCann}, Sancho and Lowe, David G.},
    year         = 2012,
    month        = {Jun.},
    booktitle    = {IEEE Conf. Comput. Vis. Pattern Recog.},
    address      = {Providence, {RI}, {USA}},
    pages        = {3650--3656}
}
@inproceedings{melekhov_siamese_2016,
    title        = {Siamese Network Features for Image Matching},
    author       = {Melekhov, Iaroslav and Kannala, Juho and Rahtu, Esa},
    year         = 2016,
    month        = {Jun.},
    booktitle    = {IEEE Conf. Comput. Vis. Pattern Recog.},
    address      = {Las Vegas, {NV}, {USA}},
    pages        = {378--383}
}
@inproceedings{miguel_identifying_2019,
    title        = {Identifying Individual Snow Leopards From Camera Trap Images},
    author       = {Miguel, Agnieszka and Bayrakçismith, Rana and Ferre, Eddy and Bales-Heisterkamp, Chleo and Beard, Joshua and Dioso, Matt and Grob, David and others},
    year         = 2019,
    month        = {May},
    booktitle    = {Int. Conf. Sign. Process. Syst.},
    publisher    = {Int. Soc. for Optics and Photonics},
    address      = {Guangzhou, {China}},
    volume       = 11071,
    pages        = {110710O}
}
@inproceedings{mita_joint_2005,
    title        = {Joint {Haar}-like Features for Face Detection},
    author       = {Mita, Takeshi and Kaneko, Toshimitsu and Hori, Osamu},
    year         = 2005,
    month        = {Oct.},
    booktitle    = {IEEE Int. Conf. Comput. Vis.},
    address      = {Beijing, {China}},
    volume       = 2,
    pages        = {1619--1626}
}
@inproceedings{moosmann_fast_2006,
    title        = {Fast Discriminative Visual Codebooks Using Randomized Clustering Forests},
    author       = {Moosmann, Frank and Triggs, Bill and Jurie, Frederic},
    year         = 2006,
    month        = {Dec.},
    booktitle    = {Adv. Neural Inform. Process. Syst.},
    publisher    = {MIT},
    address      = {Vancouver, {British Columbia}, {Canada}},
    pages        = {985--992}
}
@inproceedings{muja_fast_2009,
    title        = {Fast Approximate Nearest Neighbors With Automatic Algorithm Configuration},
    author       = {Muja, Marius and Lowe, David G.},
    year         = 2009,
    month        = {Feb.},
    booktitle    = {IEEE Winter Conf. Applicat. Comput. Vis.},
    address      = {Lisbon, {Portugal}},
    pages        = {331--340}
}
@inproceedings{nair_rectified_2010,
    title        = {Rectified Linear Units Improve Restricted {Boltzmann} Machines},
    author       = {Nair, Vinod and Hinton, Geoffrey E.},
    year         = 2010,
    month        = {Jun.},
    booktitle    = {Int. Conf. Mach. Learn.},
    address      = {Haifa, {IL}, {USA}},
    pages        = {807--814}
}
@inproceedings{nepovinnykh_siamese_2020,
    title        = {Siamese Network Based Pelage Pattern Matching for Ringed Seal Re-identification},
    author       = {Nepovinnykh, Ekaterina and Eerola, Tuomas and Kalviainen, Heikki},
    year         = 2020,
    month        = {Mar.},
    booktitle    = {IEEE Winter Conf. Applicat. Comput. Vis. Workshops},
    address      = {Snowmass Village, {CO}, {USA}},
    pages        = {25--34}
}
@inproceedings{newell_stacked_2016,
    title        = {Stacked Hourglass Networks for Human Pose Estimation},
    author       = {Newell, Alejandro and Yang, Kaiyu and {Deng \textit{et al.}}, Jia},
    year         = 2016,
    month        = {Oct.},
    booktitle    = {Eur. Conf. Comput. Vis.},
    publisher    = {Springer},
    address      = {Amsterdam, {Netherlands}},
    series       = {in Lecture Notes in Computer Science},
    pages        = {483--499},
    editor       = {Leibe, Bastian and Matas, Jiri and Sebe, Nicu and Welling, Max}
}
@inproceedings{oquab_learning_2014,
    title        = {Learning and Transferring Mid-level Image Representations Using Convolutional Neural Networks},
    author       = {Oquab, Maxime and Bottou, Leon and Laptev, Ivan and Sivic, Josef},
    year         = 2014,
    month        = {Jun.},
    booktitle    = {IEEE Conf. Comput. Vis. Pattern Recog.},
    address      = {Columbus, {OH}, {USA}},
    pages        = {1717--1724}
}
@inproceedings{oquab_weakly_2014,
    title        = {Weakly Supervised Object Recognition With Convolutional Neural Networks},
    author       = {Oquab, Maxime and Bottou, L{\'e}on and Laptev, Ivan and Sivic, Josef},
    year         = 2014,
    month        = {Dec.},
    booktitle    = {Adv. Neural Inform. Process. Syst.},
    address      = {Montreal, {Quebec}, {Canada}},
    pages        = {1545--5963}
}
@inproceedings{papadopoulos_we_2016,
    title        = {We don’t Need No Bounding-boxes: Training Object Class Detectors Using Only Human Verification},
    author       = {Papadopoulos, Dim P. and Uijlings, Jasper R. R. and Keller, Frank and Ferrari, Vittorio},
    year         = 2016,
    month        = {Jun.},
    booktitle    = {IEEE Conf. Comput. Vis. Pattern Recog.},
    address      = {Las Vegas, {NV}, {USA}},
    pages        = {854--863}
}
@inproceedings{parham_animal_2017,
    title        = {Animal Population Censusing at Scale With Citizen Science and Photographic Identification},
    author       = {Parham, Jason and Crall, Jonathan and Stewart, Charles and Berger-Wolf, Tanya and Rubenstein, Daniel Ian},
    year         = 2017,
    month        = {Jan.},
    booktitle    = {AAAI Spring Symp.},
    address      = {Palo Alto, {CA}, {USA}},
    pages        = {37--44}
}
@inproceedings{paszke_pytorch_2019,
    title        = {{PyTorch}: An Imperative Style, High-performance Deep Learning Library},
    author       = {Paszke, Adam and Gross, Sam and Massa, Francisco and Lerer, Adam and Bradbury, James and Chanan, Gregory and Killeen, Trevor and others},
    year         = 2019,
    month        = {Dec.},
    booktitle    = {Adv. Neural Inform. Process. Syst.},
    address      = {Vancouver, {British Columbia}, {Canada}},
    pages        = {8024--8035}
}
@inproceedings{perdoch_efficient_2009,
    title        = {Efficient Representation of Local Geometry for Large Scale Object Retrieval},
    author       = {Perd'och, Michal and Chum, Ondrej and Matas, Jiri},
    year         = 2009,
    month        = {Jun.},
    booktitle    = {IEEE Conf. Comput. Vis. Pattern Recog.},
    address      = {Miami, {FL}, {USA}},
    pages        = {9--16}
}
@inproceedings{philbin_object_2007,
    title        = {Object Retrieval With Large Vocabularies and Fast Spatial Matching},
    author       = {Philbin, James and Chum, Ondrej and Isard, Michael and Sivic, Josef and Zisserman, Andrew},
    year         = 2007,
    month        = {Jun.},
    booktitle    = {IEEE Conf. Comput. Vis. Pattern Recog.},
    address      = {Minneapolis, {MN}, {USA}},
    pages        = {1--8}
}
@inproceedings{poultney_efficient_2006,
    title        = {Efficient Learning of Sparse Representations With an Energy-based Model},
    author       = {Poultney, Christopher and Chopra, Sumit and Cun, Yann L. and others},
    year         = 2006,
    month        = {Dec.},
    booktitle    = {Adv. Neural Inform. Process. Syst.},
    address      = {Vancouver, {British Columbia}, {Canada}},
    pages        = {1137--1144}
}
@inproceedings{raina_self-taught_2007,
    title        = {Self-taught Learning: Transfer Learning From Unlabeled Data},
    author       = {Raina, Rajat and Battle, Alexis and Lee, Honglak and Packer, Benjamin and Ng, Andrew Y.},
    year         = 2007,
    month        = {Jun.},
    booktitle    = {Int. Conf. Mach. Learn.},
    address      = {Corvalis, {OR}, {USA}},
    pages        = {759--766}
}
@inproceedings{redmon_you_2016,
    title        = {{You} {Only} {Look} {Once}: Unified, real-time object detection},
    author       = {Redmon, Joseph and Divvala, Santosh and Girshick, Ross and Farhadi, Ali},
    year         = 2016,
    month        = {Jun.},
    booktitle    = {IEEE Conf. Comput. Vis. Pattern Recog.},
    address      = {Las Vegas, {NV}, {USA}},
    pages        = {779--788}
}
@inproceedings{ren_faster_2015,
    title        = {Faster {R-CNN}: Towards Real-time Object Detection With Region Proposal Networks},
    author       = {Ren, Shaoqing and He, Kaiming and Girshick, Ross and Sun, Jian},
    year         = 2015,
    month        = {Dec.},
    booktitle    = {Adv. Neural Inform. Process. Syst.},
    address      = {Montreal, {Quebec}, {Canada}},
    pages        = {91--99}
}
@inproceedings{rezig_dagger_2020,
    title        = {{Dagger}: A Data (Not Code) Debugger},
    author       = {Rezig, E. and Cao, Lei and Simonini, Giovanni and Schoemans, M. and Madden, S. and Tang, N. and Ouzzani, M. and others},
    year         = 2020,
    month        = {Jan.},
    booktitle    = {Conf. Innov. Data Syst. Res.},
    address      = {Amsterdam, {Netherlands}},
    pages        = {12--15}
}
@inproceedings{rozsivalova_counting_2020,
    title        = {Counting Livestock With Image Segmentation Neural Network},
    author       = {Rozsivalova, Veronika and Beran, Ladislav and Hora, Ivo},
    year         = 2020,
    month        = {Nov.},
    booktitle    = {Int. Conf. Soft Comput. Models Ind. Environ. Applicat.},
    publisher    = {Springer Nature},
    address      = {Stockholm, {Sweden}},
    pages        = {237--244}
}
@inproceedings{salakhutdinov_deep_2009,
    title        = {Deep {Boltzmann} machines},
    author       = {Salakhutdinov, Ruslan and Hinton, Geoffrey E.},
    year         = 2009,
    month        = {Apr.},
    booktitle    = {Int. Conf. Artif. Intell. and Stat.},
    address      = {Clearwater Beach, {FL}, {USA}},
    pages        = {448--455}
}
@inproceedings{sarwar_detecting_2018,
    title        = {Detecting and Counting Sheep With a Convolutional Neural Network},
    author       = {Sarwar, Farah and Griffin, Anthony and Periasamy, Priyadharsini and Portas, Kurt and Law, Jim},
    year         = 2018,
    month        = {Nov.},
    booktitle    = {IEEE Int. Conf. Adv. Video Sign. Based Surveil.},
    address      = {Auckland, {New Zealand}},
    pages        = {1--6}
}
@inproceedings{schneider_similarity_2020,
    title        = {Similarity Learning Networks for Animal Individual Re-identification - Beyond the Capabilities of a Human Observer},
    author       = {Schneider, Stefan and Taylor, Graham W. and Kremer, Stefan C.},
    year         = 2020,
    month        = {Mar.},
    booktitle    = {IEEE Winter Conf. Applicat. Comput. Vis. Workshops},
    address      = {Snowmass Village, {CO}, {USA}},
    pages        = {44--52}
}
@inproceedings{schroff_facenet_2015,
    title        = {{Facenet}: A Unified Embedding for Face Recognition and Clustering},
    author       = {Schroff, Florian and Kalenichenko, Dmitry and Philbin, James},
    year         = 2015,
    month        = {Jun.},
    booktitle    = {IEEE Conf. Comput. Vis. Pattern Recog.},
    address      = {Boston, {MA}, {USA}},
    pages        = {815--823}
}
@inproceedings{sengupta_frontal_2016,
    title        = {Frontal to Profile Face Verification in the Wild},
    author       = {Sengupta, Soumyadip and Chen, Jun-Cheng and Castillo, Carlos and Patel, Vishal M. and Chellappa, Rama and Jacobs, David W.},
    year         = 2016,
    month        = {Mar.},
    booktitle    = {IEEE Winter Conf. Applicat. Comput. Vis.},
    address      = {Lake Placid, {NY}, {USA}},
    pages        = {1--9}
}
@inproceedings{shah_airsim:_2017,
    title        = {{AirSim}: High-fidelity Visual and Physical Simulation for Autonomous Vehicles},
    author       = {Shah, Shital and Dey, Debadeepta and Lovett, Chris and Kapoor, Ashish},
    year         = 2017,
    month        = {Sep.},
    booktitle    = {Field and Service Robot.},
    publisher    = {Springer},
    address      = {Zurich, {Switzerland}},
    pages        = {621--635}
}
@inproceedings{sharif_razavian_cnn_2014,
    title        = {{CNN} Features Off-the-shelf: An Astounding Baseline for Recognition},
    author       = {Sharif Razavian, Ali and Azizpour, Hossein and Sullivan, Josephine and Carlsson, Stefan},
    year         = 2014,
    month        = {Jun.},
    booktitle    = {IEEE Conf. Comput. Vis. Pattern Recog.},
    address      = {Columbus, {OH}, {USA}},
    pages        = {806--813}
}
@inproceedings{shen_dsod_2017,
    title        = {{DSOD}: Learning Deeply Supervised Object Detectors From Scratch},
    author       = {Shen, Zhiqiang and Liu, Zhuang and Li, Jianguo and Jiang, Yu-Gang and Chen, Yurong and Xue, Xiangyang},
    year         = 2017,
    month        = {Oct.},
    booktitle    = {IEEE Int. Conf. Comput. Vis.},
    address      = {Venice, {Italy}},
    pages        = {1919--1927}
}
@inproceedings{shukla_hybrid_2019,
    title        = {A Hybrid Approach to Tiger Re-identification},
    author       = {Shukla, Ankita and Sigh Cheema, Gullal and Gao, Pei and Onda, Suguru and Anshumaan, Divyam and Anand, Saket and Farrell, Ryan},
    year         = 2019,
    month        = {Oct.},
    booktitle    = {IEEE Int. Conf. Comput. Vis. Workshops},
    address      = {Las Vegas, {NV}, {USA}},
    pages        = {294--301}
}
@inproceedings{simard_best_2003,
    title        = {Best Practices for Convolutional Neural Networks Applied to Visual Document Analysis},
    author       = {Simard, Patrice Y. and Steinkraus, Dave and Platt, John C.},
    year         = 2003,
    month        = {Aug.},
    booktitle    = {IEEE Int. Conf. Doc. Anal. Recog.},
    address      = {Edinburgh, {Scotland}},
    volume       = 3,
    pages        = {958--958}
}
@inproceedings{simpson_zooniverse:_2014,
    title        = {{Zooniverse}: Observing the World's Largest Citizen Science Platform},
    author       = {Simpson, Robert and Page, Kevin R. and De Roure, David},
    year         = 2014,
    month        = {Apr.},
    booktitle    = {ACM Int. Conf. World Wide Web},
    address      = {Seoul, {Korea}},
    pages        = {1049--1054}
}
@inproceedings{singh_animal_2020,
    title        = {Animal Detection in Man-made Environments},
    author       = {Singh, Abhineet and Pietrasik, Marcin and Natha, Gabriell and Ghouaiel, Nehla and Brizel, Ken and Ray, Nilanjan},
    year         = 2020,
    month        = {Mar.},
    booktitle    = {IEEE Winter Conf. Applicat. Comput. Vis.},
    address      = {Snowmass Village, {CO}, {USA}},
    pages        = {1438--1449}
}
@inproceedings{singh_r-fcn-3000_2018,
    title        = {{R-FCN-3000} at 30fps: Decoupling Detection and Classification},
    author       = {Singh, Bharat and Li, Hengduo and Sharma, Abhishek and Davis, Larry S.},
    year         = 2018,
    month        = {Jun.},
    booktitle    = {IEEE Conf. Comput. Vis. Pattern Recog.},
    address      = {Salt Lake City, {UT}, {USA}},
    pages        = {1081--1090}
}
@inproceedings{sutskever_importance_2013,
    title        = {On the Importance of Initialization and Momentum in Deep Learning},
    author       = {Sutskever, Ilya and Martens, James and Dahl, George and Hinton, Geoffrey},
    year         = 2013,
    month        = {May},
    booktitle    = {Int. Conf. Mach. Learn.},
    publisher    = {JMLR},
    address      = {Atlanta, {GA}, {USA}},
    pages        = {1139--1147}
}
@inproceedings{szegedy_deep_2013,
    title        = {Deep Neural Networks for Object Detection},
    author       = {Szegedy, Christian and Toshev, Alexander and Erhan, Dumitru},
    year         = 2013,
    month        = {Dec.},
    booktitle    = {Adv. Neural Inform. Process. Syst.},
    address      = {Lake Tahoe, {CA}, {USA}},
    pages        = {2553--2561}
}
@inproceedings{szegedy_going_2015,
    title        = {Going Deeper With Convolutions},
    author       = {Szegedy, Christian and Liu, Wei and Jia, Yangqing and Sermanet, Pierre and Reed, Scott and Anguelov, Dragomir and Erhan, Dumitru and others},
    year         = 2015,
    month        = {Jun.},
    booktitle    = {IEEE Conf. Comput. Vis. Pattern Recog.},
    address      = {Boston, {MA}, {USA}},
    pages        = {1--9}
}
@inproceedings{taigman_deepface_2014,
    title        = {{Deepface}: Closing the Gap to Human-level Performance in Face Verification},
    author       = {Taigman, Yaniv and Yang, Ming and Ranzato, Marc'Aurelio and Wolf, Lior},
    year         = 2014,
    month        = {Jun.},
    booktitle    = {IEEE Conf. Comput. Vis. Pattern Recog.},
    address      = {Columbus, {OH}, {USA}},
    pages        = {1701--1708}
}
@inproceedings{tausch_bumblebee_2020,
    title        = {Bumblebee Re-identification Dataset},
    author       = {Tausch, Frederic and Stock, Simon and Fricke, Julian and Klein, Olaf},
    year         = 2020,
    month        = {Mar.},
    booktitle    = {IEEE Winter Conf. Applicat. Comput. Vis. Workshops},
    address      = {Snowmass Village, {CO}, {USA}},
    pages        = {35--37}
}
@inproceedings{thrun_is_1996,
    title        = {Is Learning The N-th Thing Any Easier Than Learning The First?},
    author       = {Thrun, Sebastian},
    year         = 1996,
    month        = {Jan.},
    booktitle    = {Adv. Neural Inform. Process. Syst.},
    publisher    = {MIT},
    address      = {Denver, {CO}, {USA}},
    pages        = {640--646}
}
@inproceedings{tong_salient_2015,
    title        = {Salient Object Detection via Bootstrap Learning},
    author       = {Tong, Na and Lu, Huchuan and Ruan, Xiang and Yang, Ming-Hsuan},
    year         = 2015,
    month        = {Jun.},
    booktitle    = {IEEE Conf. Comput. Vis. Pattern Recog.},
    address      = {Boston, {MA}, {USA}},
    pages        = {1884--1892}
}
@inproceedings{tu_real-time_2016,
    title        = {Real-time Salient Object Detection With a Minimum Spanning Tree},
    author       = {Tu, Wei-Chih and He, Shengfeng and Yang, Qingxiong and Chien, Shao-Yi},
    year         = 2016,
    month        = {Jun.},
    booktitle    = {IEEE Conf. Comput. Vis. Pattern Recog.},
    address      = {Las Vegas, {NV}, {USA}},
    pages        = {2334--2342}
}
@inproceedings{van_de_sande_segmentation_2011,
    title        = {Segmentation as Selective Search for Object Recognition},
    author       = {Van De Sande, Koen {EA} and Uijlings, Jasper {RR} and Gevers, Theo and Smeulders, Arnold {WM}},
    year         = 2011,
    month        = {Nov.},
    booktitle    = {IEEE Int. Conf. Comput. Vis.},
    address      = {Barcelona, {Spain}},
    pages        = {1879--1886}
}
@inproceedings{van_horn_inaturalist_2018,
    title        = {The {iNaturalist} Species Classification and Detection Dataset},
    author       = {Van Horn, Grant and Mac Aodha, Oisin and Song, Yang and Cui, Yin and Sun, Chen and Shepard, Alex and Adam, Hartwig and others},
    year         = 2018,
    month        = {Jun.},
    booktitle    = {IEEE Conf. Comput. Vis. Pattern Recog.},
    address      = {Salt Lake City, {UT}, {USA}},
    pages        = {8769--8778}
}
@inproceedings{varior_gated_2016,
    title        = {Gated Siamese Convolutional Neural Network Architecture for Human Re-identification},
    author       = {Varior, Rahul Rama and Haloi, Mrinal and Wang, Gang},
    year         = 2016,
    month        = {Oct.},
    booktitle    = {Eur. Conf. Comput. Vis.},
    publisher    = {Springer},
    address      = {Amsterdam, {Netherlands}},
    pages        = {791--808}
}
@inproceedings{varior_siamese_2016,
    title        = {A Siamese Long Short-term Memory Architecture for Human Re-identification},
    author       = {Varior, Rahul Rama and Shuai, Bing and Lu, Jiwen and Xu, Dong and Wang, Gang},
    year         = 2016,
    month        = {Oct.},
    booktitle    = {Eur. Conf. Comput. Vis.},
    publisher    = {Springer},
    address      = {Amsterdam, {Netherlands}},
    pages        = {135--153}
}
@inproceedings{verma_wild_2018,
    title        = {Wild Animal Detection Using Deep Convolutional Neural Network},
    author       = {Verma, Gyanendra K. and Gupta, Pragya},
    year         = 2018,
    month        = {Aug.},
    booktitle    = {Int. Conf. Comput. Vis. Image Process.},
    publisher    = {Springer},
    address      = {Las Vegas, {NV}, {USA}},
    pages        = {327--338}
}
@inproceedings{vondrick_hog-gles:_2013,
    title        = {{HOG}-Gles: Visualizing Object Detection Features},
    author       = {Vondrick, Carl and Khosla, Aditya and Malisiewicz, Tomasz and Torralba, Antonio},
    year         = 2013,
    month        = {Dec.},
    booktitle    = {IEEE Int. Conf. Comput. Vis.},
    address      = {Sydney, {Australia}},
    pages        = {1--8}
}
@inproceedings{wang_detect_2018,
    title        = {Detect Globally, Refine Locally: A Novel Approach to Saliency Detection},
    author       = {Wang, Tiantian and Zhang, Lihe and Wang, Shuo and Lu, Huchuan and Yang, Gang and Ruan, Xiang and Borji, Ali},
    year         = 2018,
    month        = {Jun.},
    booktitle    = {IEEE Conf. Comput. Vis. Pattern Recog.},
    address      = {Salt Lake City, {UT}, {USA}},
    pages        = {3127--3135}
}
@inproceedings{wang_salient_2019,
    title        = {Salient Object Detection With Pyramid Attention and Salient Edges},
    author       = {Wang, Wenguan and Zhao, Shuyang and Shen, Jianbing and Hoi, Steven {CH} and Borji, Ali},
    year         = 2019,
    month        = {Jun.},
    booktitle    = {IEEE Conf. Comput. Vis. Pattern Recog.},
    address      = {Long Beach, {CA}, {USA}},
    pages        = {1448--1457}
}
@inproceedings{weideman_extracting_2020,
    title        = {Extracting Identifying Contours for {African} Elephants and Humpback Whales Using a Learned Appearance Model},
    author       = {Weideman, Hendrik and Stewart, Chuck and Parham, Jason and Holmberg, Jason and Flynn, Kiirsten and Calambokidis, John and Paul, D. Barry and others},
    year         = 2020,
    month        = {Mar.},
    booktitle    = {IEEE Winter Conf. Applicat. Comput. Vis. Workshops},
    address      = {Snowmass Village, {CO}, {USA}},
    pages        = {1276--1285}
}
@inproceedings{weideman_integral_2017,
    title        = {Integral Curvature Representation and Matching Algorithms for Identification of Dolphins and Whales},
    author       = {Weideman, Hendrik J. and Jablons, Zachary M. and Holmberg, Jason and Flynn, Kiirsten and Calambokidis, John and Tyson, Reny B. and Allen, Jason B. and others},
    year         = 2017,
    month        = {Oct.},
    booktitle    = {IEEE Int. Conf. Comput. Vis. Workshops},
    address      = {Venice, {Italy}},
    pages        = {2831--2839}
}
@inproceedings{winn_layout_2006,
    title        = {The Layout Consistent Random Field for Recognizing and Segmenting Partially Occluded Objects},
    author       = {Winn, John and Shotton, Jamie},
    year         = 2006,
    month        = {Jun.},
    booktitle    = {IEEE Conf. Comput. Vis. Pattern Recog.},
    address      = {New York, {NY}, {USA}},
    pages        = {37--44}
}
@inproceedings{xin_accelerating_2018,
    title        = {Accelerating Human-in-the-loop Machine Learning: Challenges and Opportunities},
    author       = {Xin, Doris and Ma, Litian and Liu, Jialin and Macke, Stephen and Song, Shuchen and Parameswaran, Aditya},
    year         = 2018,
    month        = {Jun.},
    booktitle    = {ACM 2nd Workshop Data Manage. End-to-end Mach. Learn.},
    address      = {New York, {NY}, {USA}},
    pages        = {1--4}
}
@inproceedings{yang_object_2014,
    title        = {Object Detection and Viewpoint Estimation With Auto-masking Neural Network},
    author       = {Yang, Linjie and Liu, Jianzhuang and Tang, Xiaoou},
    year         = 2014,
    month        = {Sep.},
    booktitle    = {Eur. Conf. Comput. Vis.},
    publisher    = {Springer},
    address      = {Zurich, {Switzerland}},
    pages        = {441--455}
}
@inproceedings{yang_stacked_2017,
    title        = {Stacked Hourglass Network for Robust Facial Landmark Localisation},
    author       = {Yang, Jing and Liu, Qingshan and Zhang, Kaihua},
    year         = 2017,
    month        = {Jun.},
    booktitle    = {IEEE Conf. Comput. Vis. Pattern Recog. Workshops},
    address      = {Honolulu, {HI}, {USA}},
    pages        = {79--87}
}
@inproceedings{yao_hough_2010,
    title        = {A {Hough} Transform-based Voting Framework for Action Recognition},
    author       = {Yao, Angela and Gall, Juergen and Van Gool, Luc},
    year         = 2010,
    month        = {Jun.},
    booktitle    = {IEEE Conf. Comput. Vis. Pattern Recog.},
    address      = {San Francisco, {CA}, {USA}},
    pages        = {2061--2068}
}
@inproceedings{yoo_attentionnet:_2015,
    title        = {{AttentionNet}: Aggregating Weak Directions for Accurate Object Detection},
    author       = {Yoo, Donggeun and Park, Sunggyun and Lee, Joon-Young and Paek, Anthony S. and So Kweon, In},
    year         = 2015,
    month        = {Dec.},
    booktitle    = {IEEE Int. Conf. Comput. Vis.},
    address      = {Santiago, {Chile}},
    pages        = {2659--2667}
}
@inproceedings{yosinski_how_2014,
    title        = {How Transferable Are Features in Deep Neural Networks?},
    author       = {Yosinski, Jason and Clune, Jeff and Bengio, Yoshua and Lipson, Hod},
    year         = 2014,
    month        = {Dec.},
    booktitle    = {Adv. Neural Inform. Process. Syst.},
    address      = {Montreal, {Quebec}, {Canada}},
    pages        = {3320--3328}
}
@inproceedings{yu_dilated_2017,
    title        = {Dilated Residual Networks},
    author       = {Yu, Fisher and Koltun, Vladlen and Funkhouser, Thomas},
    year         = 2017,
    month        = {Jun.},
    booktitle    = {IEEE Conf. Comput. Vis. Pattern Recog.},
    address      = {Honolulu, {HI}, {USA}},
    pages        = {472--480}
}
@inproceedings{yu_unitbox_2016,
    title        = {{UnitBox}: An Advanced Object Detection Network},
    author       = {Yu, Jiahui and Jiang, Yuning and Wang, Zhangyang and Cao, Zhimin and Huang, Thomas},
    year         = 2016,
    month        = {Oct.},
    booktitle    = {ACM Int. Conf. Multimedia},
    address      = {New York, {NY}, {USA}},
    pages        = {516--520}
}
@inproceedings{zeiler_deconvolutional_2010,
    title        = {Deconvolutional Networks},
    author       = {Zeiler, Matthew D. and Krishnan, Dilip and Taylor, Graham W. and Fergus, Rob},
    year         = 2010,
    month        = {Jun.},
    booktitle    = {IEEE Conf. Comput. Vis. Pattern Recog.},
    address      = {San Francisco, {CA}, {USA}},
    pages        = {2528--2535}
}
@inproceedings{zeiler_visualizing_2014,
    title        = {Visualizing and Understanding Convolutional Networks},
    author       = {Zeiler, Matthew D. and Fergus, Rob},
    year         = 2014,
    month        = {Sep.},
    booktitle    = {Eur. Conf. Comput. Vis.},
    publisher    = {Springer},
    address      = {Zurich, {Switzerland}},
    pages        = {818--833}
}
@inproceedings{zhang_progressive_2018,
    title        = {Progressive Attention Guided Recurrent Network for Salient Object Detection},
    author       = {Zhang, Xiaoning and Wang, Tiantian and Qi, Jinqing and Lu, Huchuan and Wang, Gang},
    year         = 2018,
    month        = {Jun.},
    booktitle    = {IEEE Conf. Comput. Vis. Pattern Recog.},
    address      = {Salt Lake City, {UT}, {USA}},
    pages        = {714--722}
}
@inproceedings{zhao_pyramid_2019,
    title        = {Pyramid Feature Attention Network for Saliency Detection},
    author       = {Zhao, Ting and Wu, Xiangqian},
    year         = 2019,
    month        = {Jun.},
    booktitle    = {IEEE Conf. Comput. Vis. Pattern Recog.},
    address      = {Long Beach, {CA}, {USA}},
    pages        = {3085--3094}
}
@inproceedings{zhao_saliency_2015,
    title        = {Saliency Detection by Multi-context Deep Learning},
    author       = {Zhao, Rui and Ouyang, Wanli and Li, Hongsheng and Wang, Xiaogang},
    year         = 2015,
    month        = {Jun.},
    booktitle    = {IEEE Conf. Comput. Vis. Pattern Recog.},
    address      = {Boston, {MA}, {USA}},
    pages        = {1265--1274}
}
@inproceedings{zhu_fast_2006,
    title        = {Fast Human Detection Using a Cascade of Histograms of Oriented Gradients},
    author       = {Zhu, Qiang and Yeh, Mei-Chen and Cheng, Kwang-Ting and Avidan, S.},
    year         = 2006,
    month        = {Jun.},
    booktitle    = {IEEE Conf. Comput. Vis. Pattern Recog.},
    address      = {New York, {NY}, {USA}},
    volume       = 2,
    pages        = {1491--1498}
}
@inproceedings{zhu_orientation_2015,
    title        = {Orientation Robust Object Detection in Aerial Images Using Deep Convolutional Neural Network},
    author       = {Zhu, Haigang and Chen, Xiaogang and Dai, Weiqun and Fu, Kun and Ye, Qixiang and Jiao, Jianbin},
    year         = 2015,
    month        = {Sep.},
    booktitle    = {IEEE Int. Conf. Image Process.},
    address      = {Quebec City, {Quebec}, {Canada}},
    pages        = {3735--3739}
}
@inproceedings{zitnick_edge_2014,
    title        = {Edge Boxes: Locating Object Proposals From Edges},
    author       = {Zitnick, C. Lawrence and Dollár, Piotr},
    year         = 2014,
    month        = {Sep.},
    booktitle    = {Eur. Conf. Comput. Vis.},
    publisher    = {Springer},
    address      = {Zurich, {Switzerland}},
    pages        = {391--405}
}
@inproceedings{zlateski_znnfast_2016,
    title        = {{ZNN} – A Fast and Scalable Algorithm for Training {3D} Convolutional Networks on Multi-core and Many-core Shared Memory Machines},
    author       = {Zlateski, Aleksandar and Lee, Kisuk and Seung, H. Sebastian},
    year         = 2016,
    month        = {May},
    booktitle    = {IEEE Int. Parallel Distrib. Process. Symp.},
    address      = {Chicago, {IL}, {USA}},
    pages        = {801--811}
}
@mastersthesis{batbouta_computer_2017,
    title        = {Computer Assisted Labeling of Humpback Whales and Whale Sharks},
    author       = {Batbouta, Andrew},
    year         = 2019,
    address      = {Troy, {NY}, {USA}},
    school       = {Dept. Comput. Sci., Rensselaer Polytechnic Inst.},
    type         = {M.S. Thesis}
}
@mastersthesis{kivai_feeding_2006,
    title        = {Feeding Ecologicalgy and Diurnal Activity Pattern of the {Grevy's} Zebra {(Equus} Grevyi, {Oustalet,} 1882) in {Samburu} Community Lands, {Kenya}},
    author       = {Kivai, Stanislaus Mulu},
    year         = 2006,
    address      = {Addis Ababa, {Ethiopia}},
    school       = {Dept. Biol., Addis Ababa Univ.},
    type         = {M.S. Thesis}
}
@mastersthesis{lindskog_time_2021,
    title        = {Time Series Active Learning using Automated Feature Extraction},
    author       = {Lindskog, William},
    year         = 2021,
    address      = {Lund, {Sweden}},
    school       = {Dept. Math. Sci., Lund Univ.},
    type         = {M.S. Thesis}
}
@mastersthesis{oddone_mobile_2016,
    title        = {A Mobile Application for the Image Based Ecological Information System},
    author       = {Oddone, Alessandro},
    year         = 2016,
    address      = {Chicago, {IL}, {USA}},
    school       = {Dept. Comput. Sci., Univ. of Illinois at Chicago},
    type         = {M.S. Thesis}
}
@mastersthesis{parham_photographic_2015,
    title        = {Photographic Censusing of Zebra and Giraffe in the {Nairobi} {National} {Park}},
    author       = {Parham, Jason R.},
    year         = 2015,
    address      = {Troy, {NY}, {USA}},
    school       = {Dept. Comput. Sci., Rensselaer Polytechnic Inst.},
    type         = {M.S. Thesis}
}
@electronic{dieleman_lasagne_2015,
    author       = {\textit{Lasagne}},
    year         = 2015,
    howpublished = {Accessed: Oct. 29, 2021 [Online]. Available: \url{github.com/Lasagne/Lasagne}}
}
@electronic{girshick_detectron_2018,
    author       = {\textit{Detectron}},
    year         = 2018,
    howpublished = {Accessed: Oct. 29, 2021 [Online]. Available: \url{github.com/facebookresearch/detectron}}
}
@electronic{openmp08,
    author       = {\textit{OpenMP}},
    year         = 2008,
    howpublished = {Accessed: Oct. 29, 2021 [Online]. Available: \url{openmp.org/mp-documents/spec30.pdf}}
}
@electronic{ophoff_lightnet_2018,
    author       = {\textit{Lightnet}},
    year         = 2018,
    howpublished = {Accessed: Oct. 29, 2021 [Online]. Available: \url{gitlab.com/EAVISE/lightnet}}
}
@phdthesis{crall_identifying_2017,
    title        = {Identifying individual animals using ranking, verification, and connectivity},
    author       = {Crall, Jonathan P.},
    year         = 2017,
    address      = {Troy, {NY}, {USA}},
    school       = {Dept. Comput. Sci., Rensselaer Polytechnic Inst.},
    type         = {Ph.D. Dissertation}
}
@phdthesis{ginsberg_social_1988,
    title        = {Social Organization and Mating Strategies of an Arid Adapted Equid: The {Grevy's} Zebra},
    author       = {Ginsberg, Joshua Ross},
    year         = 1988,
    address      = {Princeton, {NJ}, {USA}},
    school       = {Dept. Ecol. Evol. Biol., Princeton Univ.},
    type         = {Ph.D. Dissertation}
}
@phdthesis{spain_modeling_2011,
    title        = {Modeling and Predicting Object Attention in Natural Scenes},
    author       = {Spain, Merrielle},
    year         = 2011,
    address      = {Pasadena, {CA}, {USA}},
    school       = {Dept. Comput. Sci., California Inst. of Tech.},
    type         = {Ph.D. Dissertation}
}
@phdthesis{tombak_behavioral_2019,
    title        = {The behavioral ecology and host-parasite dynamics of the zebras of east {Africa}},
    author       = {Tombak, Kaia Juulia},
    year         = 2019,
    address      = {Princeton, {NJ}, {USA}},
    school       = {Dept. Ecol., Princeton Univ.},
    type         = {Ph.D. Dissertation}
}
@phdthesis{weideman_contour-based_2019,
    title        = {Contour-based Instance Recognition of Animals},
    author       = {Weideman, Hendrik J.},
    year         = 2019,
    address      = {Troy, {NY}, {USA}},
    school       = {Dept. Comput. Sci., Rensselaer Polytechnic Inst.},
    type         = {Ph.D. Dissertation}
}
@techreport{berger-wolf_great_2016,
    title        = {The {Great} {Grevy’s} {Rally}: The Need, Methods, Findings, Implications and Next Steps},
    author       = {Berger-Wolf, Tanya and Crall, Jon and Holberg, Jason and Parham, Jason and Stewart, Chuck and Mackey, Belinda Low and Kahumbu, Paula and others},
    year         = 2016,
    address      = {Nairobi, {Kenya}},
    institution  = {Grevy's Zebra Trust},
    type         = {Tech. Rep.}
}
@techreport{bergstra_quadratic_2009,
    title        = {Quadratic Polynomials Learn Better Image Features},
    author       = {Bergstra, James and Desjardins, Guillaume and Lamblin, Pascal and Bengio, Yoshua},
    year         = 2009,
    address      = {Montreal, {Quebec}, {Canada}},
    institution  = {D{\'e}partement d’Informatique Et De Recherche Op{\'e}rationnelle, Universit{\'e} De Montr{\'e}al},
    type         = {Tech. Rep.},
    number       = 1337
}
@techreport{blount_flukebookcontinuing_2020,
    title        = {{Flukebook} - Continuing Growth and Technical Advancement for Cetacean Photo Identification and Data Archiving, Including Automated Fin, Fluke, and Body Matching},
    author       = {Blount, Drew and Minton, Gianna and Khan, Christin and Levenson, Jacob and Dulau, Violaine and Gero, Shane and Parham, Jason and others},
    year         = 2020,
    address      = {Cambridge, {United Kingdom}},
    institution  = {Int. Whaling Commission},
    type         = {Tech. Rep.},
    number       = {SC/68B/SH/06}
}
@techreport{blount_flukebookrecent_2019,
    title        = {{Flukebook} – Recent Advances for Cetacean Photo Identification and Data Archiving Including Automated Fluke Matching},
    author       = {Blount, Drew and Holmberg, Jason and Minton, Gianna and Khan, Christin and Me, Wild and Conservation, Megaptera Marine and Network, Arabian Sea Whale},
    year         = 2019,
    address      = {Cambridge, {United Kingdom}},
    institution  = {Int. Whaling Commission},
    type         = {Tech. Rep.},
    number       = {SC/68A/SH/07}
}
@techreport{huang_labeled_2014,
    title        = {Labeled Faces in the Wild: Updates and New Reporting Procedures},
    author       = {Huang, Gary B. and Learned-Miller, Eric},
    year         = 2014,
    address      = {Amherst, {MA}, {USA}},
    institution  = {Univ. of Massachusetts, Amherst},
    type         = {Tech. Rep.},
    number       = {14.003}
}
@techreport{mech_critique_2002,
    title        = {A Critique of Wildlife Radio-tracking and Its Use in National Parks: A Report to the {U.S.} {National} {Park} {Service}},
    author       = {Mech, L.D. and Barber, S.M.},
    year         = 2002,
    address      = {Jamestown, {ND}, {USA}},
    institution  = {U.S. Geological Survey, Northern Prairie Wildlife Research Center},
    type         = {Tech. Rep.}
}
@techreport{ngene_total_2013,
    title        = {Total Aerial Count of Elephants, {Grevy’szebra} and Other Large Mammals in {Laikipia-Samburu-Marsabit} Ecosystem in ({November} 2012)},
    author       = {Ngene, Shadrack and Mukeka, Joseph and Ihwagi, Festus and Mathenge, James and Wandera, Anthony and Anyona, George and Tobias, Nyumba and others},
    year         = 2013,
    address      = {Nairobi, {Kenya}},
    institution  = {Kenya Wildlife Service},
    type         = {Tech. Rep.}
}
@techreport{patrick_demographic_2003,
    title        = {Demographic Status of the {Meru} Elephant Population},
    author       = {Patrick, Ogola O},
    year         = 2003,
    address      = {Nairobi, {Kenya}},
    institution  = {Kenya Wildlife Service},
    type         = {Tech. Rep.}
}
@techreport{rubenstein_great_2015,
    title        = {The {Great} {Zebra} and {Giraffe} {Count}: The Power and Rewards of Citizen Science},
    author       = {Rubenstein, Daniel I. and Stewart, Charles v. and Berger-Wolf, Tanya Y. and Parham, Jason and Crall, Jon and Machogu, Clara and Kahumbu, Paula and others},
    year         = 2015,
    address      = {Nairobi, {Kenya}},
    institution  = {Kenya Wildlife Service},
    type         = {Tech. Rep.}
}
@techreport{rubenstein_state_2018,
    title        = {The State of {Kenya’s} {Grevy’s} Zebras and Reticulated Giraffes: Results of the {Great} {Grevy’s} {Rally} 2018},
    author       = {Rubenstein, Daniel and Parham, Jason and Stewart, Charles and Berger-Wolf, Tanya and Holmberg, Jason and Crall, Jon and Mackey, Belinda and others},
    year         = 2018,
    address      = {Nairobi, {Kenya}},
    institution  = {Grevy's Zebra Trust},
    type         = {Tech. Rep.}
}
@techreport{settles_active_2009,
    title        = {Active Learning Literature Survey},
    author       = {Settles, Burr},
    year         = 2009,
    address      = {Madison, {WI}, {USA}},
    institution  = {Dept. Comput. Sci., Univ. of Wisconsin-Madison},
    type         = {Tech. Rep.},
    number       = 1648
}
@unpublished{bastien_theano:_2012,
    title        = {{Theano}: New Features and Speed Improvements},
    author       = {Bastien, Fr{\'e}d{\'e}ric and Lamblin, Pascal and Pascanu, Razvan and Bergstra, James and Goodfellow, Ian J. and Bergeron, Arnaud and Bouchard, Nicolas and others},
    year         = 2012,
    note         = {arXiv:1211.5590}
}
@unpublished{beery_efficient_2019,
    title        = {Efficient Pipeline for Camera Trap Image Review},
    author       = {Beery, Sara and Morris, Dan and Yang, Siyu},
    year         = 2019,
    note         = {arXiv:1907.06772}
}
@unpublished{beery_iwildcam_2019,
    title        = {The {iWildCam} 2018 Challenge Dataset},
    author       = {Beery, Sara and Van Horn, Grant and Mac Aodha, Oisin and Perona, Pietro},
    year         = 2019,
    note         = {arXiv:1904.05986}
}
@unpublished{beery_recognition_2018,
    title        = {Recognition in Terra Incognita},
    author       = {Beery, Sara and Van Horn, Grant and Perona, Pietro},
    year         = 2018,
    note         = {arXiv:1807.04975}
}
@unpublished{bengio_advances_2012,
    title        = {Advances in Optimizing Recurrent Networks},
    author       = {Bengio, Yoshua and Boulanger-Lewandowski, Nicolas and Pascanu, Razvan},
    year         = 2012,
    note         = {arXiv:1212.0901}
}
@unpublished{berger-wolf_wildbook_2017,
    title        = {Wildbook: Crowdsourcing, Computer Vision, and Data Science for Conservation},
    author       = {Berger-Wolf, Tanya Y. and Rubenstein, Daniel I. and Stewart, Charles v. and Holmberg, Jason A. and Parham, Jason and Menon, Sreejith and Crall, Jonathan and others},
    year         = 2017,
    note         = {arXiv:1710.08880}
}
@unpublished{branson_bird_2014,
    title        = {Bird Species Categorization Using Pose Normalized Deep Convolutional Nets},
    author       = {Branson, Steve and Van Horn, Grant and Belongie, Serge and Perona, Pietro},
    year         = 2014,
    note         = {arXiv:1406.2952}
}
@unpublished{brunger_panoptic_2020,
    title        = {Panoptic Instance Segmentation on Pigs},
    author       = {Br{\"u}nger, Johannes and Gentz, Maria and Traulsen, Imke and Koch, Reinhard},
    year         = 2020,
    note         = {arXiv:2005.10499}
}
@unpublished{cai_cascade_2017,
    title        = {Cascade {R-CNN}: Delving Into High Quality Object Detection},
    author       = {Cai, Zhaowei and Vasconcelos, Nuno},
    year         = 2017,
    note         = {arXiv:1712.00726}
}
@unpublished{chen_semantic_2014,
    title        = {Semantic Image Segmentation With Deep Convolutional Nets and Fully Connected {CRFs}},
    author       = {Chen, Liang-Chieh and Papandreou, George and Kokkinos, Iasonas and Murphy, Kevin and Yuille, Alan L.},
    year         = 2014,
    note         = {arXiv:1412.7062}
}
@unpublished{cheng_revisiting_2018,
    title        = {Revisiting {R-CNN}: On Awakening the Classification Power of Faster {R-CNN}},
    author       = {Cheng, Bowen and Wei, Yunchao and Shi, Honghui and Feris, Rogerio and Xiong, Jinjun and Huang, Thomas},
    year         = 2018,
    note         = {arXiv:1803.06799}
}
@unpublished{chollet_xception_2017,
    title        = {{Xception}: Deep Learning With Depthwise Separable Convolutions},
    author       = {Chollet, François},
    year         = 2017,
    note         = {arXiv:1610.02357}
}
@unpublished{duan_centernet_2019,
    title        = {{CenterNet}: Keypoint Triplets for Object Detection},
    author       = {Duan, Kaiwen and Bai, Song and Xie, Lingxi and Qi, Honggang and Huang, Qingming and Tian, Qi},
    year         = 2019,
    note         = {arXiv:1904.08189}
}
@unpublished{fu_stacked_2019,
    title        = {Stacked Deconvolutional Network for Semantic Segmentation},
    author       = {Fu, Jun and Liu, Jing and Wang, Yuhang and Zhou, Jin and Wang, Changyong and Lu, Hanqing},
    year         = 2019,
    note         = {arXiv:1708.04943}
}
@unpublished{girshick_rich_2014,
    title        = {Rich Feature Hierarchies for Accurate Object Detection and Semantic Segmentation},
    author       = {Girshick, Ross and Donahue, Jeff and Darrell, Trevor and Malik, Jitendra},
    year         = 2014,
    note         = {arXiv:1311.2524}
}
@unpublished{graham_spatially-sparse_2014,
    title        = {Spatially-sparse Convolutional Neural Networks},
    author       = {Graham, Benjamin},
    year         = 2014,
    note         = {arXiv:1409.6070}
}
@unpublished{gu_understanding_2019,
    title        = {Understanding Bias in Machine Learning},
    author       = {Gu, Jindong and Oelke, Daniela},
    year         = 2019,
    note         = {arXiv:1909.01866}
}
@unpublished{hara_attentional_2017,
    title        = {Attentional Network for Visual Object Detection},
    author       = {Hara, Kota and Liu, Ming-Yu and Tuzel, Oncel and Farahmand, Amir-Massoud},
    year         = 2017,
    note         = {arXiv:1702.01478}
}
@unpublished{he_deep_2015,
    title        = {Deep Residual Learning for Image Recognition},
    author       = {He, Kaiming and Zhang, Xiangyu and Ren, Shaoqing and Sun, Jian},
    year         = 2015,
    note         = {arXiv:1512.03385}
}
@unpublished{he_mask_2017,
    title        = {Mask {R-CNN}},
    author       = {He, Kaiming and Gkioxari, Georgia and Dollár, Piotr and Girshick, Ross},
    year         = 2017,
    note         = {arXiv:1703.06870}
}
@unpublished{hermans_defense_2017,
    title        = {In Defense of the Triplet Loss for Person Re-identification},
    author       = {Hermans, Alexander and Beyer, Lucas and Leibe, Bastian},
    year         = 2017,
    note         = {arXiv:1703.07737}
}
@unpublished{hinton_improving_2012,
    title        = {Improving Neural Networks by Preventing Co-adaptation of Feature Detectors},
    author       = {Hinton, Geoffrey E. and Srivastava, Nitish and Krizhevsky, Alex and Sutskever, Ilya and Salakhutdinov, Ruslan R.},
    year         = 2012,
    note         = {arXiv:1207.0580}
}
@unpublished{hosang_learning_2017,
    title        = {Learning Non-maximum Suppression},
    author       = {Hosang, Jan and Benenson, Rodrigo and Schiele, Bernt},
    year         = 2017,
    note         = {arXiv:1705.02950}
}
@unpublished{hosang_what_2015,
    title        = {What Makes for Effective Detection Proposals?},
    author       = {Hosang, Jan and Benenson, Rodrigo and Dollár, Piotr and Schiele, Bernt},
    year         = 2015,
    note         = {arXiv:1502.05082}
}
@unpublished{howard_mobilenets_2017,
    title        = {{MobileNets}: Efficient Convolutional Neural Networks for Mobile Vision Applications},
    author       = {Howard, Andrew G. and Zhu, Menglong and Chen, Bo and Kalenichenko, Dmitry and Wang, Weijun and Weyand, Tobias and Andreetto, Marco and others},
    year         = 2017,
    note         = {arXiv:1704.04861}
}
@unpublished{huang_densely_2016,
    title        = {Densely Connected Convolutional Networks},
    author       = {Huang, Gao and Liu, Zhuang and Van Der Maaten, Laurens and Weinberger, Kilian Q.},
    year         = 2016,
    note         = {arXiv:1608.06993}
}
@unpublished{iandola_densenet:_2014,
    title        = {{Densenet}: Implementing Efficient Convnet Descriptor Pyramids},
    author       = {Iandola, Forrest and Moskewicz, Matt and Karayev, Sergey and Girshick, Ross and Darrell, Trevor and Keutzer, Kurt},
    year         = 2014,
    note         = {arXiv:1404.1869}
}
@unpublished{iandola_squeezenet:_2016,
    title        = {{SqueezeNet}: {AlexNet}-level Accuracy With 50x Fewer Parameters and {\textless}0.5MB Model Size},
    author       = {Iandola, Forrest N. and Han, Song and Moskewicz, Matthew W. and Ashraf, Khalid and Dally, William J. and Keutzer, Kurt},
    year         = 2016,
    note         = {arXiv:1602.07360}
}
@unpublished{ioffe_batch_2015,
    title        = {Batch Normalization: Accelerating Deep Network Training by Reducing Internal Covariate Shift},
    author       = {Ioffe, Sergey and Szegedy, Christian},
    year         = 2015,
    note         = {arXiv:1502.03167}
}
@unpublished{ioffe_batch_2017,
    title        = {Batch Renormalization: Towards Reducing Minibatch Dependence in Batch-normalized Models},
    author       = {Ioffe, Sergey},
    year         = 2017,
    note         = {arXiv:1702.03275}
}
@unpublished{jin_how_2017,
    title        = {How to Escape Saddle Points Efficiently},
    author       = {Jin, Chi and Ge, Rong and Netrapalli, Praneeth and Kakade, Sham M. and Jordan, Michael I.},
    year         = 2017,
    note         = {arXiv:1703.00887}
}
@unpublished{keskar_improving_2017,
    title        = {Improving Generalization Performance by Switching From {Adam} to {SGD}},
    author       = {Keskar, Nitish Shirish and Socher, Richard},
    year         = 2017,
    note         = {arXiv:1712.07628}
}
@unpublished{khan_animalweb_2019,
    title        = {{AnimalWeb}: A Large-scale Hierarchical Dataset of Annotated Animal Faces},
    author       = {Khan, Muhammad Haris and {McDonagh}, John and Khan, Salman and Shahabuddin, Muhammad and Arora, Aditya and Khan, Fahad Shahbaz and Shao, Ling and others},
    year         = 2019,
    note         = {arXiv:1909.04951}
}
@unpublished{kingma_adam:_2014,
    title        = {{Adam}: A Method for Stochastic Optimization},
    author       = {Kingma, Diederik and Ba, Jimmy},
    year         = 2014,
    note         = {arXiv:1412.6980}
}
@unpublished{kosiorek_hierarchical_2017,
    title        = {Hierarchical Attentive Recurrent Tracking},
    author       = {Kosiorek, Adam R. and Bewley, Alex and Posner, Ingmar},
    year         = 2017,
    note         = {arXiv:1706.09262}
}
@unpublished{krizhevsky_one_2014,
    title        = {One Weird Trick for Parallelizing Convolutional Neural Networks},
    author       = {Krizhevsky, Alex},
    year         = 2014,
    note         = {arXiv:1404.5997}
}
@unpublished{kulits_elephantbook_2021,
    title        = {{ElephantBook}: A Semi-automated Human-in-the-loop System for Elephant Re-identification},
    author       = {Kulits, Peter and Wall, Jake and Bedetti, Anka and Henley, Michelle and Beery, Sara},
    year         = 2021,
    note         = {arXiv:2106.15083}
}
@unpublished{kummerer_deep_2014,
    title        = {{DeepGaze} {I}: Boosting Saliency Prediction With Feature Maps Trained on {ImageNet}},
    author       = {K{\"u}mmerer, Matthias and Theis, Lucas and Bethge, Matthias},
    year         = 2014,
    note         = {arXiv:1411.1045}
}
@unpublished{kummerer_deepgaze_2016,
    title        = {{DeepGaze} {II}: Reading Fixations From Deep Features Trained on Object Recognition},
    author       = {K{\"u}mmerer, Matthias and Wallis, Thomas {SA} and Bethge, Matthias},
    year         = 2016,
    note         = {arXiv:1610.01563}
}
@unpublished{lee_deeply-supervised_2014,
    title        = {Deeply-supervised Nets},
    author       = {Lee, Chen-Yu and Xie, Saining and Gallagher, Patrick and Zhang, Zhengyou and Tu, Zhuowen},
    year         = 2014,
    note         = {arXiv:1409.5185}
}
@unpublished{li_atrw_2019,
    title        = {{ATRW}: A Benchmark for {Amur} Tiger Re-identification in the Wild},
    author       = {Li, Shuyuan and Li, Jianguo and Tang, Hanlin and Qian, Rui and Lin, Weiyao},
    year         = 2019,
    note         = {arXiv:1906.05586}
}
@unpublished{li_lcnn:_2015,
    title        = {{LCNN}: Low-level Feature Embedded {CNN} for Salient Object Detection},
    author       = {Li, Hongyang and Lu, Huchuan and Lin, Zhe and Shen, Xiaohui and Price, Brian},
    year         = 2015,
    note         = {arXiv:1508.03928}
}
@unpublished{li_scale-aware_2019,
    title        = {Scale-aware Trident Networks for Object Detection},
    author       = {Li, Yanghao and Chen, Yuntao and Wang, Naiyan and Zhang, Zhaoxiang},
    year         = 2019,
    note         = {arXiv:1901.01892}
}
@unpublished{li_tiny-dsod_2018,
    title        = {{Tiny-DSOD}: Lightweight Object Detection for Resource-restricted Usages},
    author       = {Li, Yuxi and Li, Jiuwei and Lin, Weiyao and Li, Jianguo},
    year         = 2018,
    note         = {arXiv:1807.11013}
}
@unpublished{lin_feature_2017,
    title        = {Feature Pyramid Networks for Object Detection},
    author       = {Lin, Tsung-Yi and Dollár, Piotr and Girshick, Ross and He, Kaiming and Hariharan, Bharath and Belongie, Serge},
    year         = 2017,
    note         = {arXiv:1612.03144}
}
@unpublished{lin_focal_2018,
    title        = {Focal Loss for Dense Object Detection},
    author       = {Lin, Tsung-Yi and Goyal, Priya and Girshick, Ross and He, Kaiming and Dollár, Piotr},
    year         = 2017,
    note         = {arXiv:1708.02002}
}
@unpublished{lin_microsoft_2014,
    title        = {{Microsoft} {COCO}: Common Objects in Context},
    author       = {Lin, Tsung-Yi and Maire, Michael and Belongie, Serge and Bourdev, Lubomir and Girshick, Ross and Hays, James and Perona, Pietro and others},
    year         = 2014,
    note         = {arXiv:1405.0312}
}
@unpublished{lin_network_2013,
    title        = {Network In Network},
    author       = {Lin, Min and Chen, Qiang and Yan, Shuicheng},
    year         = 2013,
    note         = {arXiv:1312.4400}
}
@unpublished{liu_deep_2019,
    title        = {Deep Learning for Generic Object Detection: A Survey},
    author       = {Liu, Li and Ouyang, Wanli and Wang, Xiaogang and Fieguth, Paul and Chen, Jie and Liu, Xinwang and Pietikäinen, Matti},
    year         = 2019,
    note         = {arXiv:1809.02165}
}
@unpublished{ma_shufflenet_2018,
    title        = {{ShuffleNet} {V2}: Practical Guidelines for Efficient CNN Architecture Design},
    author       = {Ma, Ningning and Zhang, Xiangyu and Zheng, Hai-Tao and Sun, Jian},
    year         = 2018,
    note         = {arXiv:1807.11164}
}
@unpublished{melekhov_image-based_2017,
    title        = {Image-based Localization Using Hourglass Networks},
    author       = {Melekhov, Iaroslav and Ylioinas, Juha and Kannala, Juho and Rahtu, Esa},
    year         = 2017,
    note         = {arXiv:1703.07971}
}
@unpublished{mishkin_all_2015,
    title        = {All You Need Is a Good Init},
    author       = {Mishkin, Dmytro and Matas, Jiri},
    year         = 2015,
    note         = {arXiv:1511.06422}
}
@unpublished{moskvyak_robust_2019,
    title        = {Robust Re-identification of Manta Rays From Natural Markings by Learning Pose Invariant Embeddings},
    author       = {Moskvyak, Olga and Maire, Frederic and Armstrong, Asia O. and Dayoub, Feras and Baktashmotlagh, Mahsa},
    year         = 2019,
    note         = {arXiv:1902.10847}
}
@unpublished{ouyang_deepid-net:_2014,
    title        = {{DeepID-Net}: Multi-stage and Deformable Deep Convolutional Neural Networks for Object Detection},
    author       = {Ouyang, Wanli and Luo, Ping and Zeng, Xingyu and Qiu, Shi and Tian, Yonglong and Li, Hongsheng and Yang, Shuo and others},
    year         = 2014,
    note         = {arXiv:1409.3505}
}
@unpublished{pascanu_difficulty_2013,
    title        = {On the Difficulty of Training Recurrent Neural Networks},
    author       = {Pascanu, Razvan and Mikolov, Tomas and Bengio, Yoshua},
    year         = 2013,
    note         = {arXiv:1211.5063}
}
@unpublished{pascanu_understanding_2012,
    title        = {Understanding the Exploding Gradient Problem},
    author       = {Pascanu, Razvan and Mikolov, Tomas and Bengio, Yoshua},
    year         = 2012,
    note         = {arXiv:1211.5063}
}
@unpublished{pinheiro_learning_2015,
    title        = {Learning to Segment Object Candidates},
    author       = {Pinheiro, Pedro O. and Collobert, Ronan and Dollar, Piotr},
    year         = 2015,
    note         = {arXiv:1506.06204}
}
@unpublished{polzounov_right_2016,
    title        = {Right Whale Recognition Using Convolutional Neural Networks},
    author       = {Polzounov, Andrei and Terpugova, Ilmira and Skiparis, Deividas and Mihai, Andrei},
    year         = 2016,
    note         = {arXiv:1604.05605}
}
@unpublished{qiu_unrealcv:_2016,
    title        = {{UnrealCV}: Connecting Computer Vision to Unreal Engine},
    author       = {Qiu, Weichao and Yuille, Alan},
    year         = 2016,
    note         = {arXiv:1609.01326}
}
@unpublished{redmon_yolo9000:_2016,
    title        = {{YOLO9000}: Better, Faster, Stronger},
    author       = {Redmon, Joseph and Farhadi, Ali},
    year         = 2016,
    note         = {arXiv:1612.08242}
}
@unpublished{redmon_yolov3_2018,
    title        = {{YOLOv3}: An Incremental Improvement},
    author       = {Redmon, Joseph and Farhadi, Ali},
    year         = 2018,
    note         = {arXiv:1804.02767}
}
@unpublished{ronneberger_u-net:_2015,
    title        = {{U-Net}: Convolutional Networks for Biomedical Image Segmentation},
    author       = {Ronneberger, Olaf and Fischer, Philipp and Brox, Thomas},
    year         = 2015,
    note         = {arXiv:1505.04597}
}
@unpublished{ruder_overview_2016,
    title        = {An Overview of Gradient Descent Optimization Algorithms},
    author       = {Ruder, Sebastian},
    year         = 2016,
    note         = {arXiv:1609.04747}
}
@unpublished{schaul_no_2012,
    title        = {No More Pesky Learning Rates},
    author       = {Schaul, Tom and Zhang, Sixin and {LeCun}, Yann},
    year         = 2012,
    note         = {arXiv:1206.1106}
}
@unpublished{sermanet_overfeat:_2013,
    title        = {{Overfeat}: Integrated Recognition, Localization and Detection Using Convolutional Networks},
    author       = {Sermanet, Pierre and Eigen, David and Zhang, Xiang and Mathieu, Michaël and Fergus, Rob and {LeCun}, Yann},
    year         = 2013,
    note         = {arXiv:1312.6229}
}
@unpublished{simonyan_very_2014,
    title        = {Very Deep Convolutional Networks for Large-scale Image Recognition},
    author       = {Simonyan, Karen and Zisserman, Andrew},
    year         = 2014,
    note         = {arXiv:1409.1556}
}
@unpublished{springenberg_striving_2014,
    title        = {Striving for simplicity: The all convolutional net},
    author       = {Springenberg, Jost Tobias and Dosovitskiy, Alexey and Brox, Thomas and Riedmiller, Martin},
    year         = 2014,
    note         = {arXiv:1412.6806}
}
@unpublished{tan_mnasnet_2019,
    title        = {{MnasNet}: Platform-aware Neural Architecture Search for Mobile},
    author       = {Tan, Mingxing and Chen, Bo and Pang, Ruoming and Vasudevan, Vijay and Sandler, Mark and Howard, Andrew and Le, Quoc V.},
    year         = 2019,
    note         = {arXiv:1807.11626}
}
@unpublished{taylor_improving_2017,
    title        = {Improving Deep Learning Using Generic Data Augmentation},
    author       = {Taylor, Luke and Nitschke, Geoff},
    year         = 2017,
    note         = {arXiv:1708.06020}
}
@unpublished{thompson_finfindr_2019,
    title        = {{finFindR}: Computer-assisted Recognition and Identification of Bottlenose Dolphin Photos in {R}},
    author       = {Thompson, Jaime W. and Zero, Victoria H. and Schwacke, Lori H. and Speakman, Todd R. and Quigley, Brian M. and Morey, Jeanine {SM} and {McDonald}, Trent L.},
    year         = 2019,
    note         = {bioRxiv:825661}
}
@unpublished{wan_bootstrapping_2016,
    title        = {Bootstrapping Face Detection With Hard Negative Examples},
    author       = {Wan, Shaohua and Chen, Zhijun and Zhang, Tao and Zhang, Bo and Wong, Kong-Kat},
    year         = 2016,
    note         = {arXiv:1608.02236}
}
@unpublished{wan_end--end_2014,
    title        = {End-to-end Integration of a Convolutional Network, Deformable Parts Model and Non-maximum Suppression},
    author       = {Wan, Li and Eigen, David and Fergus, Rob},
    year         = 2014,
    note         = {arXiv:1411.5309}
}
@unpublished{wang_attention-based_2017,
    title        = {An Attention-based Deep Net for Learning to Rank},
    author       = {Wang, Baiyang and Klabjan, Diego},
    year         = 2017,
    note         = {arXiv:1702.06106}
}
@unpublished{wang_survey_2016,
    title        = {Survey on the Attention Based {RNN} Model and Its Applications in Computer Vision},
    author       = {Wang, Feng and Tax, David M. J.},
    year         = 2016,
    note         = {arXiv:1601.06823}
}
@unpublished{xu_few-shot_2016,
    title        = {Few-shot Object Recognition From Machine-labeled Web Images},
    author       = {Xu, Zhongwen and Zhu, Linchao and Yang, Yi},
    year         = 2016,
    note         = {arXiv:1612.06152}
}
@unpublished{zagoruyko_wide_2016,
    title        = {Wide Residual Networks},
    author       = {Zagoruyko, Sergey and Komodakis, Nikos},
    year         = 2016,
    note         = {arXiv:1605.07146}
}
@unpublished{zhang_alignedreid_2017,
    title        = {{AlignedReID}: Surpassing Human-level Performance in Person Re-identification},
    author       = {Zhang, Xuan and Luo, Hao and Fan, Xing and Xiang, Weilai and Sun, Yixiao and Xiao, Qiqi and Jiang, Wei and others},
    year         = 2017,
    note         = {arXiv:1711.08184}
}
@unpublished{zhao_object_2019,
    title        = {Object Detection With Deep Learning: A Review},
    author       = {Zhao, Zhong-Qiu and Zheng, Peng and Xu, Shou-Tao and Wu, Xindong},
    year         = 2019,
    note         = {arXiv:1807.05511}
}
